3184 4925
516 416 568 464 nn
590 414 783 479 carruae,
807 417 849 465 rr.
870 401 924 465 57.
1184 403 1269 470 loct

169 558 403 645 lucc-jctcundi,
427 559 529 643 quale
547 560 611 638 sit,
631 565 666 626 et
688 560 777 626 nude
801 560 964 641 ducatur3
986 562 1172 646 praesertim
1193 582 1271 635 cnut

169 670 304 729 tantam
318 663 386 729 mm
399 668 434 727 et
448 664 626 728 utilitatem
642 662 726 727 salis
736 669 772 728 et
786 664 984 729 urbanitatis
994 685 1071 730 esse
1085 667 1230 734 fateatur
1239 670 1272 733 i⁴

171 764 266 845 Quid
288 767 328 845 si,
352 765 461 850 inquit
482 765 611 844 Julius,
630 765 797 831 assentior
814 766 961 833 Antonio
983 768 1121 850 dicenti,
1146 770 1272 835 nullam

168 887 249 933 esse
279 875 383 934 artem
411 868 519 933 saliet
560 867 637 933 232.
664 868 735 933 Hic
765 886 843 934 cnm
871 868 1045 953 Sulpicius
1073 872 1272 949 reticuisset,

171 971 283 1051 Quasi
311 990 403 1051 vero,
429 972 538 1055 inquit
564 973 720 1047 Crassus,
746 972 867 1037 horum
891 976 1053 1058 ipsorum,
1077 975 1120 1039 de
1147 976 1273 1059 quibua

169 1075 343 1140 Antonius
362 1066 515 1160 jamdiu⁵
535 1073 693 1158 loquitur,
711 1094 767 1140 ars
786 1075 857 1139 nlla
875 1075 937 1140 sit:
962 1076 1157 1141 &serratio
1180 1096 1269 1161 quae·

171 1177 251 1242 dam
263 1186 327 1254 est,
342 1186 381 1242 ut
393 1178 468 1260 ipse
483 1175 581 1256 dixit,
596 1196 710 1242 earnm
720 1196 928 1261 rernm,quae
938 1178 971 1242 in
984 1177 1271 1265 dicendoualent:

172 1296 253 1365 quar
281 1280 312 1343 si
340 1278 539 1364 eloquentes
563 1279 678 1345 tacere
702 1277 869 1364 posset,⁶¹
890 1280 970 1365 quis
996 1288 1089 1345 esset
1113 1299 1181 1345 non
1203 1280 1273 1345 elo-

172 1384 308 1466 qnenst
353 1381 443 1460 Quis
465 1382 556 1446 enim
577 1380 652 1448 iraee
671 1382 809 1448 nonve]
831 1382 958 1457 facile,⁷
979 1383 1033 1449 vel
1050 1388 1141 1449 certe
1155 1382 1272 1466 aliquo

171 1484 275 1550 modo
291 1492 412 1568 posset
420 1482 597 1549 edisceret
632 1483 702 1550 Sed
717 1504 779 1567 ego
793 1486 828 1549 in
843 1483 897 1550 his
911 1485 1093 1570 praeceptis
1107 1485 1191 1549 lranc
1203 1485 1273 1556 vim

171 1596 209 1653 et
221 1587 308 1653 lrano
321 1586 507 1653 utilitatem
522 1586 622 1652 esse⁸
643 1582 882 1667 arbitrandae
902 1595 939 1653 ut
960 1588 1004 1653 ad
1028 1588 1272 1673 reperiendum,

171 1691 255 1776 qnid
277 1690 440 1769 dicamus,
463 1697 533 1755 arte
552 1690 722 1769 ducamur,
742 1691 805 1756 sed
825 1696 862 1755 nt
882 1710 934 1767 ea,
953 1710 1030 1774 qum
1052 1696 1271 1773 naturaque

170 1791 298 1869 studio,
313 1810 392 1875 quae
404 1792 646 1858 exercitatione
658 1793 910 1877 consequimur,
921 1799 980 1858 aut
990 1799 1084 1857 recta
1098 1812 1175 1857 esse
1191 1811 1272 1856 con·

172 1895 331 1973 tidamns,
346 1900 407 1961 ant
417 1897 545 1980 praua⁹
560 1880 796 1980 intelligamus,
815 1914 904 1969 cum,
919 1913 986 1979 quo
1003 1894 1170 1960 reserenda
1184 1893 1275 1969 sinti

172 1997 407 2064 didicerimus.
445 1997 523 2064 283.
546 1996 672 2077 Quare,
697 1997 825 2082 Caesar,
855 2016 918 2081 ego
942 2015 1077 2082 qnoque
1104 2016 1126 2061 a
1151 2005 1185 2061 te
1208 1996 1276 2061 hoc·

172 2108 266 2184 peto,
297 2108 347 2179 ut,
377 2100 408 2164 si
438 2100 502 2164 tibi
530 2100 675 2179 uidetur,
705 2100 859 2184 disputes
889 2099 933 2165 de
962 2099 1028 2164 hoc
1056 2106 1129 2164 toto
1154 2098 1274 2185 jocan-

172 2203 210 2268 di
232 2222 362 2287 genere,
385 2204 468 2289 qnid
493 2204 632 2283 sentias,-
651 2222 694 2269 ne
719 2222 789 2288 qna
814 2202 911 2269 torte·
927 2202 1060 2268 dicendi
1083 2202 1172 2287 pars,
1188 2220 1272 2285 quo·

172 2304 265 2369 uiam
291 2306 341 2375 ita
365 2307 537 2384 voluistis,
551 2308 587 2371 in
610 2306 675 2371 lroc
695 2306 755 2372 tali
773 2310 883 2384 ooetu,
902 2314 1005 2391 atque
1028 2305 1062 2370 iu
1081 2310 1150 2370 tarn
1173 2324 1275 2370 accu-

173 2416 250 2473 ratu
272 2427 425 2476 sermone
450 2411 623 2495 praeterita
647 2428 724 2474 esse
747 2408 913 2476 rideatur.
957 2408 1031 2493 Ego
1052 2426 1144 2484 vero,
1166 2408 1276 2492 inquit

173 2511 242 2583 ule,
267 2512 427 2594 quoniam
453 2512 651 2578 collectam²
672 2530 695 2576 a
723 2511 877 2587 conviva,
906 2510 1039 2589 Crasse,
1064 2511 1184 2594 exigis,
1208 2529 1277 2574 non

174 2614 397 2693 committam,
423 2621 473 2691 ut,
496 2614 527 2678 si
549 2611 754 2704 defugerim,'
774 2613 839 2679 tibi
862 2631 1001 2678 censum
1026 2613 1173 2696 aliquam
1198 2611 1274 2676 dem

174 2716 372 2781 recusandi:
394 2735 584 2800 quanquam
609 2716 703 2782 soleo
723 2735 822 2798 saepe
841 2716 954 2781 mirari
970 2734 1082 2780 eornm
1099 2712 1275 2797 impuden-

174 2817 269 2892 tiam,
295 2817 354 2902 qui
374 2824 478 2901 agunt
498 2818 534 2882 in
557 2827 681 2884 scena⁸
703 2824 847 2903 gestum,
863 2824 1040 2902 spectante
1055 2815 1210 2882 Roscio:
1226 2819 1278 2852 ¹⁰¹³

208 2981 818 3105 :amssemtie'imudeleqmiu
826 2985 1014 3050 ecmruaduar.
1088 2941 1093 2950 μ

208 3065 510 3167 ‘stramentorum
521 3057 619 3169 reme.
715 3116 886 3166 ‘latitantia

619 3255 806 3278 ommno

176 3341 253 3390 deest
263 3339 289 3390 in
298 3340 389 3392 (laeli.
397 3345 422 3391 t.
434 3344 458 3390 t.
483 3342 556 3392 ,Mox
577 3355 625 3405 pro
636 3341 745 3404 dueatur,
756 3339 825 3405 quod
838 3337 936 3390 habeut
948 3337 1038 3388 Lami.
1047 3345 1075 3388 et
1083 3337 1162 3388 Grut.
1174 3339 1276 3388 deducu-

177 3411 217 3455 ιι·
227 3415 334 3456 uerrunt
344 3407 421 3457 codd.
432 3407 542 3471 aliquot,
552 3379 626 3458 dunt.
636 3408 709 3457 Cret.
720 3407 842 3456 lien-l
860 3405 903 3455 Ite
913 3403 991 3456 Jcerr.
1002 3405 1072 3455 Nor.
1091 3403 1164 3467 Meg.
1183 3405 1239 3454 Erl.
1251 3410 1275 3454 l.

175 3471 240 3522 item
250 3471 343 3536 steph.
354 3473 441 3522 Lemb-
452 3471 547 3522 Pearc.
559 3481 589 3523 et
599 3471 661 3522 edd.
673 3480 782 3522 recentt.
790 3471 917 3531 fateamur
928 3468 1019 3522 Guelf.
1032 3474 1057 3519 t.
1069 3473 1093 3520 t.
1112 3469 1187 3530 Juqt·
1203 3469 1280 3519 Crat„

177 3537 252 3585 Mau.
265 3537 392 3587 Gran—6
410 3537 454 3586 Itu
465 3537 543 3586 codd.
560 3537 668 3587 Gruteri
686 3546 712 3586 et
732 3536 788 3586 Erl.
800 3541 825 3588 1.
839 3537 902 3586 item
919 3536 1009 3600 Steph.
1027 3541 1055 3584 et
1074 3533 1171 3583 Lamb:
1184 3533 1278 3583 tamdiu

177 3599 267 3651 Goelt.
277 3605 302 3650 1.
312 3606 338 3651 t.
349 3605 374 3651 t.
392 3600 469 3652 lunt.
481 3602 554 3652 crat.
566 3603 638 3652 Mun.
656 3603 786 3653 Grau-tt
804 3600 848 3650 lta
866 3601 926 3650 edd.
938 3599 1275 3652 verr.Junt.crrt.1.amn

174 3667 250 3728 ruit
263 3664 353 3717 Goelt.
364 3671 387 3717 l.
404 3665 483 3716 (lunt.
499 3667 594 3718 Peurc.
612 3669 645 3718 ul.
662 3676 724 3718 unte
740 3667 903 3718 Praesti-*¹1
921 3667 964 3717 Itu
977 3665 1045 3715 Bod.
1058 3665 1128 3726 arag.
1140 3663 1235 3713 Perre.
1246 3669 1276 3713 et

179 3731 262 3780 Orell.
272 3732 311 3780 ecl
325 3732 455 3792 msaciie
465 3731 558 3784 Guelt'.
567 3737 591 3782 1.
604 3746 664 3783 cum
682 3733 787 3796 reliquit
804 3731 864 3782 edd.
890 3746 936 3780 aaa
953 3731 981 3781 id
991 3729 1067 3789 sutile
1080 3726 1169 3778 Guetl.
1179 3732 1205 3782 t·
1217 3733 1276 3778 t.-

177 3801 194 3844 8
210 3795 325 3846 Verbum
338 3813 388 3847 am
399 3798 474 3848 deest
490 3798 516 3847 lu
535 3797 626 3848 Gueli.
636 3802 726 3847 1.-1⁰
742 3795 835 3848 (luelt'.
851 3799 874 3845 1.
894 3801 921 3845 et
939 3796 999 3843 vet.
1017 3809 1059 3856 ap.
1077 3793 1166 3856 steph.
1184 3793 1277 3856 iuspec-

177 3865 245 3910 tnte
255 3861 350 3911 naeu.
380 3861 425 3913 Sic
438 3863 524 3914 Nisei.
535 3863 816 3914 annotenteSclrntaio.
849 3861 923 3924 Mur,
936 3874 962 3911 re
971 3856 1281 3910 emmeramiani..

671 3988 782 4042 Nom

208 4079 378 4144 tecuam]
392 4081 519 4139 collecta,
537 4085 578 4130 eet
596 4078 708 4144 petuma
747 4077 803 4127 dor.

177 4170 238 4219 qne
255 4171 270 4206 a
285 4155 394 4221 singulis
413 4157 528 4208 couririe
544 4155 658 4221 exigitur
679 4164 707 4208 et
779 4161 792 4188 ¹
809 4151 908 4218 Βοιώ]
923 4155 967 4206 De
978 4167 1028 4220 quo
1039 4152 1227 4220 supradictum
1235 4159 1279 4203 est

172 4227 318 4297 ὀοΙΙίςίιιιι,
325 4247 407 4298 quum
414 4249 461 4299 pro
471 4249 519 4284 ana
530 4234 638 4300 quisque
649 4248 707 4297 per·
747 4245 800 4283 nou
811 4231 903 4282 cernel.

179 4316 206 4358 te
216 4309 295 4360 nulrit
311 4309 345 4360 ud
364 4318 463 4360 tumtur
479 4311 592 4362 maiivii
610 4309 708 4361 facien·

242 4387 331 4455 Dttpd.
343 4396 368 4440 ct
382 4389 440 4441 Ver.
453 4391 519 4448 Cluu-
687 4389 779 4440 Cicuta.
1153 4393 1168 4438 i
1185 4387 1212 4438 X
