3184 4925
312 390 398 459 1028
700 404 738 453 u.
762 404 796 451 n.
819 400 1021 451 ercanoure

313 551 548 638 pertinacium,
570 568 636 615 non
658 548 889 631 litigiosorum,
907 564 976 611 non
990 546 1182 611 acerborum
1196 551 1287 623 eunt,
1302 544 1411 611 valde·

313 653 570 720 benivolentiam
592 648 785 726 conciliant,
808 648 1063 731 abalienantque
1085 648 1131 711 ab
1152 648 1207 725 iis,
1227 649 1402 731 inquibus

313 757 387 823 haec
402 776 466 821 non
483 762 570 821 sunt.
614 752 733 837 ltaque
749 752 863 816 eadem
878 758 958 815 suut
977 752 1010 814 in
1032 750 1244 815 adversarios
1258 770 1302 815 ex
1324 768 1412 815 eon·

314 861 415 925 trario
431 856 639 923 eonferenda·
682 854 757 923 188.
780 852 849 919 Sed
863 874 965 935 genua
978 853 1042 919 hoe
1058 861 1165 918 totum
1188 852 1348 918 orationis
1367 854 1414 917 in·

207 989 209 994 ’
313 962 357 1028 iis
371 962 483 1027 causis
497 959 666 1037 excellet,⁵
687 958 723 1023 in
737 956 864 1041 quibua
877 957 987 1021 minue
1000 962 1111 1041 polest
1122 956 1321 1023 inflammari
1334 956 1412 1019 ani-¹

314 1082 388 1129 mus
405 1063 534 1149 judicis
558 1062 624 1126 aeri
645 1068 679 1127 et
699 1060 881 1124 vehementi
906 1059 1049 1144 quadam
1074 1060 1277 1125 incitatione.
1323 1056 1406 1123 Non

315 1168 402 1233 enim
418 1184 551 1248 semper
564 1164 659 1231 sortis
673 1164 778 1229 oratio
794 1163 966 1249 queritur,
977 1164 1038 1227 sed
1052 1182 1147 1248 saepe
1162 1162 1311 1246 placida,
1325 1162 1414 1226 senx

314 1270 430 1347 missa,
445 1266 542 1343 lenie,
564 1285 638 1351 qnae
659 1266 805 1331 maxime
821 1265 1034 1331 commendat
1055 1286 1143 1331 reos.
1188 1264 1283 1331 Reos
1297 1270 1412 1329 antem‘

316 1370 451 1455 appello
465 1388 531 1433 non
547 1387 606 1434 eos
620 1368 731 1444 modo,
752 1370 810 1453 qni
825 1374 1017 1451 arguuntur,
1041 1369 1100 1433 aed
1115 1388 1243 1443 omnes,
1263 1384 1413 1451 quornm

316 1472 359 1537 de
380 1490 415 1536 re
436 1470 656 1555 disceptatur:
678 1472 729 1537 eie
752 1472 839 1537 enim
863 1470 943 1537 olim
957 1472 1189 1555 loquebantur.
1232 1470 1308 1535 184.
1331 1468 1405 1533 Ho-

315 1594 389 1639 rum
404 1575 504 1657 igitur
518 1574 705 1657 exprimere
722 1592 831 1638 mores
848 1574 1011 1650 oratione,
1022 1574 1142 1658 joatoe,
1156 1572 1313 1655 integros,
1329 1571 1416 1659 reli-¹

317 1678 446 1760 giosos,
467 1676 612 1753 timidos,
638 1675 840 1760 perferentes
862 1674 1081 1760 injuriamm,⁶
1101 1676 1219 1741 mirum
1249 1674 1418 1761 quiddam

316 1778 428 1849 valet:
454 1778 571 1845 etheo
592 1776 647 1845 rel
661 1780 692 1843 in
712 1778 896 1864 principiis,
918 1778 971 1843 vel
991 1778 1025 1844 iu
1048 1799 1084 1844 re
1105 1777 1280 1853 narranda,
1295 1778 1350 1842 vel
1372 1778 1408 1841 in

317 1876 531 1967 peroranda,⁷
554 1885 677 1945 tantam
692 1881 795 1945 habet
817 1880 895 1957 vim,
911 1881 941 1946 ei
957 1888 1010 1945 est
1030 1879 1179 1945 suaviter
1192 1888 1226 1945 et
1241 1899 1318 1945 cnm
1333 1898 1408 1942 sen·

318 1996 380 2049 ent
395 1989 584 2061 tractatum,
601 1988 636 2048 ut
650 2002 742 2067 saepe
758 1981 850 2066 plus,
865 2002 964 2067 quam
980 2001 1097 2061 eausa,
1108 1983 1230 2047 valeat.
1261 1981 1409 2048 Tantum

318 2094 426 2153 autem
441 2084 580 2151 efficitur
603 2102 702 2150 senen
722 2083 883 2170 quodam,
903 2104 945 2149 ac
960 2085 1086 2149 ratione
1099 2084 1246 2163 dicendi,
1262 2089 1298 2149 nt
1312 2084 1422 2169 quasi.

319 2208 428 2253 mores
442 2183 606 2254 oratoris*
628 2184 758 2269 effingat
771 2186 894 2251 oratio.
929 2186 1059 2253 Genere
1073 2188 1162 2253 enim
1174 2183 1320 2271 quodum
1335 2207 1410 2251 sen-

320 2290 509 2365 tentiarum,
537 2295 572 2353 et
597 2286 737 2370 genere⁸
761 2290 950 2367 verborum,
977 2288 1127 2355 adhibita
1152 2290 1255 2355 etiam
1279 2282 1410 2355 actione

319 2388 394 2467 leni,
417 2390 682 2475 facilitatemque
697 2388 909 2473 significanti,
925 2390 1077 2467 efficitur,
1092 2400 1130 2457 ut
1143 2392 1251 2477 probi,
1267 2396 1304 2456 nt
1325 2393 1409 2457 bene

319 2493 450 2571 morati,
463 2498 500 2558 ut
512 2493 596 2558 boni
609 2491 673 2558 viri
695 2512 771 2557 esse
785 2491 971 2558 videantur.
1016 2494 1220 2583 xu1v4185.
1242 2493 1423 2560 Heleon.

320 2601 387 2660 tem
404 2601 456 2661 est
469 2595 532 2661 illa
553 2595 666 2678 dispar
680 2593 843 2680 adjuncta
857 2596 944 2662 ratio
959 2597 1129 2676 orationis,
1152 2617 1230 2684 quae
1246 2598 1312 2664 alio
1327 2618 1413 2682 qno-

322 2695 398 2761 dam
414 2717 532 2780 genere
552 2705 678 2763 mentes
692 2697 845 2780 judicum
866 2707 1053 2781 permovet,
1068 2699 1285 2786 impellitque,
1300 2705 1337 2765 ut
1351 2709 1413 2765 ant

354 2913 365 2947 t
383 2904 443 2954 Arte
453 2910 477 2953 et
486 2903 621 2966 prudentio.

780 2994 957 3020 ”eunoun

321 3105 415 3156 ttaorir
431 3105 633 3172 significate-t
650 3103 740 3156 Guels.
751 3107 775 3154 1.
788 3107 952 3170 preferre-t
969 3105 1058 3158 Guelt.
1068 3112 1092 3160 1.
1099 3113 1124 3160 ²·
1133 3113 1158 3159 8.
1174 3110 1325 3160 exeeuueo
1342 3109 1415 3160 Uno·

322 3172 403 3221 codex
415 3187 457 3236 ap.
470 3172 552 3221 Orell.
567 3170 741 3233 iniuriam-l
757 3171 865 3222 ‘Guelfi
877 3175 944 3223 ele
953 3175 1091 3237 poem,
1103 3173 1171 3238 qnod
1183 3174 1244 3224 arilli
1261 3189 1320 3224 com
1336 3175 1415 3225 Selm-

322 3239 374 3286 trio
386 3239 462 3286 valeo
473 3235 579 3300 placet!
596 3235 694 3287 fleta.
726 3235 802 3298 Mox,
812 3241 840 3286 al
848 3251 953 3302 perraepe
962 3239 1053 3305 steph.
1063 3248 1091 3289 et
1101 3239 1240 3290 namu-e
1251 3241 1316 3290 vec.
1328 3255 1416 3304 genere

322 3301 537 3352 delevitscimrr.
555 3301 860 3352 nnelrlnelneitllerler.
893 3303 1096 3354 ‘Sedaxcnrari
1111 3304 1218 3368 potest!
1236 3306 1311 3356 Orell.
1343 3305 1415 3361 Mox,

315 3367 483 3431 facilitateque
493 3367 558 3430 aigei
605 3367 648 3416 nili
664 3365 770 3416 Mediol.
783 3365 1070 3420 annumeremur.
1092 3371 1253 3434 sanitateque
1262 3370 1429 3437 maedi·

322 3431 718 3548 aqqqqehlqlmfflqqqqpoet,
734 3432 856 3508 ricimer
868 3433 986 3484 tribunal
998 3435 1211 3515 Manntio,prot.
1222 3437 1340 3486 Erneatiz
1357 3437 1415 3501 ipre

743 3649 745 3654 ·
820 3617 929 3670 ΝΟΜ

356 3739 367 3774 ¹¹
386 3741 461 3798 Quasi
469 3754 543 3792 morer
551 3739 666 3804 morie]
683 3739 853 3817 Videtnrlroe
892 3743 976 3808 poeta
987 3746 1234 3798 commendationem
1243 3747 1354 3813 requirit
1364 3748 1429 3798 llo-⁴

323 3832 484 3886 preceptum
502 3823 641 3872 oratorium
660 3837 693 3873 er
710 3821 853 3874 Aristotele
893 3815 974 3872 retto'r
986 3823 1012 3873 in
1024 3823 1152 3878 Arre,⁴8i
1163 3824 1289 3888 pleniorii
1300 3839 1362 3890 egee
1373 3839 1417 3876 ee·

323 3900 486 3962 depromtom
504 3897 681 3949 lit.1r.tther.
715 3899 753 3950 Ut
763 3901 853 3950 rimili-
893 3900 1118 3954 lermeoenrieet
1129 3903 1431 3968 urqreteerorttoeee·

324 3974 389 4024 todo
406 3989 513 4036 morum,
524 3975 562 4024 ite
574 3976 657 4026 oratio
669 3991 726 4041 qne
738 3977 852 4027 moritur
894 3984 994 4040 eantur,
1010 3979 1063 4029 Vna
1071 3978 1208 4044 plaudite,
1223 3980 1308 4042 diem
1327 3979 1421 4030 AEtatia

325 4051 854 4116 auditoriraocommodatreatejneeon·
894 4054 1019 4120 cujusque
1040 4055 1147 4105 nolenti
1167 4063 1229 4106 anot
1251 4055 1299 4107 tibi
1325 4070 1432 4119 morea·

324 4127 398 4177 eiliat
415 4129 630 4178 benevolentiam.
661 4127 759 4194 Opere
775 4129 854 4192 preti·
894 4129 1088 4198 Mobilibnrqne
1106 4131 1186 4184 deeor
1204 4133 1304 4185 nelarie
1319 4131 1431 4182 dendna

326 4217 368 4253 nm
378 4212 418 4254 eet
429 4203 734 4270 igituretatnenjoeqne
744 4206 855 4256 indolem
894 4212 921 4258 et
931 4206 1023 4264 anula’

325 4280 443 4330 oratione
455 4282 609 4347 exprimere.
642 4281 720 4333 Quod
736 4281 805 4333 idem
822 4282 854 4332 ed
