3184 4925
396 396 446 443 ns
468 392 609 442 curnis
632 391 888 455 onirocraus,
912 394 995 441 css.
1016 378 1071 443 97.
1187 376 1275 446 1423
1370 466 1375 474 ὁ

178 539 272 605 roin‘
301 555 458 605 renovare
488 540 683 605 memoriam
712 546 817 621 atque
846 557 966 620 augere
994 538 1120 619 possis.
1162 537 1275 605 Taum

178 643 264 707 eninr
288 642 405 721 iorum,
429 650 519 709 tuum
541 651 614 707 erat
635 642 717 706 illud
740 642 964 706 curriculum:
986 649 1022 706 tu
1046 640 1125 705 illuc
1139 660 1276 707 venem

77 810 79 815 ,
179 766 279 825 unus,
303 747 362 829 qui
392 765 457 809 non
486 746 631 827 linguam
662 744 760 809 modo
784 746 936 810 acuisses
962 744 1204 811 exercitatione
1227 746 1276 813 di·

181 848 292 927 cendi,
307 846 368 913 sed
385 856 420 913 et
433 850 543 932 ipsam
558 846 781 931 eloquentiam
795 845 1076 929 locupletavisses
1090 849 1277 929 graviorum

180 952 298 1016 artium
315 952 566 1028 instrumento,s'
588 958 620 1015 et
633 950 755 1015 iisdem
768 950 901 1017 artibus
914 950 1020 1015 decos
1034 970 1132 1015 omne
1145 952 1277 1017 virtutis

180 1073 257 1117 cum
273 1072 401 1119 summa
416 1054 622 1135 eloquentie
641 1051 739 1117 leude
748 1052 953 1135 junxisses.t
997 1052 1073 1117 3³2.
1096 1052 1152 1117 Ex
1167 1062 1203 1117 te
1218 1053 1278 1117 dn·

182 1156 265 1239 plex
280 1176 342 1221 nos
365 1153 470 1219 afficit
484 1155 679 1233 solicitudo,
695 1155 788 1241 qnod
808 1162 844 1229 et
864 1156 939 1239 ipse
957 1157 1129 1241 republica
1148 1172 1277 1230 cereas,

183 1267 217 1323 et
240 1259 298 1323 illa
322 1266 364 1323 te.
409 1256 463 1321 Tu
485 1266 607 1334 tamen,
627 1258 691 1322 etsi
705 1278 837 1322 cursum
852 1259 975 1341 ingenii
991 1260 1052 1335 tui,
1076 1259 1190 1334 Brute,
1207 1277 1279 1342 pre·

182 1362 267 1427 mit*
288 1362 362 1425 haec
382 1364 570 1445 importuna
595 1361 708 1426 clades
735 1362 897 1437 civitatis,
927 1360 1078 1427 contine¹
1097 1370 1133 1426 te
1155 1362 1190 1424 in
1210 1362 1277 1425 tuis

176 1464 381 1547 ,perennibus
402 1463 535 1541 studiis,
551 1472 585 1530 et
600 1464 694 1529 effice
708 1465 753 1541 id,
774 1465 865 1550 quod
875 1466 946 1550 jam
963 1465 1212 1550 propemodum,
1226 1466 1280 1530 vel

183 1566 284 1651 plene
299 1567 410 1649 polius
426 1566 597 1645 effeceras,
615 1574 652 1633 ut
670 1574 702 1633 te
728 1570 852 1653 eripias
872 1589 915 1633 ex
938 1589 991 1644 ea,
1005 1589 1108 1654 quam
1121 1589 1185 1651 ego
1199 1588 1277 1633 con·

184 1669 276 1750 gessi
301 1668 336 1732 in
358 1669 446 1732 hunc
474 1689 672 1747 sermonem,
697 1673 795 1737 turba
819 1679 1048 1755 patronorum.
1090 1670 1167 1737 Nec
1190 1674 1278 1737 enirn

184 1771 332 1845 decette‚
346 1779 496 1836 ornatum
510 1772 685 1847 uberrimis
699 1764 835 1849 entibus,
850 1771 954 1857 (quas
965 1793 1040 1837 cnm
1052 1774 1154 1838 domo
1164 1786 1184 1811 '⁸
1198 1775 1278 1838 hen-

184 1874 246 1941 rire
267 1890 332 1938 non
354 1893 486 1961 posses,
514 1876 718 1939 arcessivisti
741 1896 785 1939 ex
809 1876 888 1940 urbe
909 1888 978 1951 ea,¹⁸
998 1896 1075 1959 quae
1092 1876 1212 1941 domus
1227 1884 1280 1942 est

185 1996 316 2059 semper
341 1976 457 2045 habita
481 1974 656 2057 doctrinm)
678 1978 841 2043 numerari
860 1978 895 2041 in
917 1979 1014 2060 vulgo
1036 1983 1280 2060 patronorum.⁰

149 2068 152 2075 ’
185 2077 276 2143 Nem
298 2079 380 2162 quid
402 2086 434 2143 to
449 2081 605 2145 exercuit
621 2079 848 2157 Pammenes,⁸
869 2080 920 2143 vir
934 2079 1032 2161 longe
1048 2080 1281 2164 eloquentissi-

184 2202 260 2245 mus
275 2182 447 2247 Graeciaei
471 2182 553 2267 quid
565 2183 624 2249 illa
639 2191 733 2249 vetus
750 2181 945 2262 Academia,
961 2190 1061 2267 atque
1077 2184 1151 2271 ejus
1173 2185 1281 2249 haeres

185 2283 335 2360 Aristus,
365 2285 490 2368 hospes
524 2294 558 2349 et
593 2285 767 2350 familiaris
803 2282 925 2361 meus,¹²
962 2285 1127 2368 siquidem
1154 2275 1282 2350 similes

186 2388 322 2474 majoris
358 2389 467 2472 partis
507 2396 701 2453 oratorum?
735 2388 840 2451 futuri
869 2388 1015 2451 sunuel
1059 2388 1135 2451 333.
1159 2387 1280 2453 Nonne

93 2535 97 2540 ν
186 2492 365 2568 cernimus,
398 2493 455 2555 vix
485 2491 628 2574 singulis
652 2492 811 2556 aetatibus
837 2491 934 2554 binos
957 2503 1106 2555 oratores
1127 2490 1280 2556 laudabi-

187 2594 236 2657 les
258 2595 523 2659 constitisseitt
565 2593 678 2660 Galba
711 2592 791 2657 suit¹
824 2592 908 2656 inter
929 2601 981 2657 tot
1013 2594 1165 2676 aeqnalcs
1192 2612 1279 2658 unns

188 2697 369 2776 excellens,
389 2699 455 2785 oui,
482 2697 762 2780 quemadmodum
784 2697 992 2779 accepimns
1012 2705 1047 2760 et
1073 2696 1161 2760 Cato
1185 2697 1281 2761 cede-

188 2801 247 2863 bat
275 2800 399 2877 senior,
428 2801 540 2883 etqui
563 2800 772 2884 temporibus
799 2799 868 2864 illis
889 2805 989 2864 aetate
1008 2799 1181 2863 inferiores
1209 2799 1281 2863 fue-

221 3011 230 3045 ¹
246 3015 356 3064 Duarum
364 3013 473 3076 gestiens
484 3013 676 3062 clarissimarum.
801 3009 813 3052 1
829 3011 958 3060 Presidio.

221 3076 233 3110 ἕ
250 3079 362 3140 impedit.
488 3077 497 3110 ¹
514 3079 651 3128 Persevera.
779 3083 799 3107 '²
818 3077 859 3125 lix
868 3075 926 3126 urbs
937 3077 1023 3125 Rosia.

220 3151 234 3174 ¹·
251 3143 364 3194 Athesis.
492 3151 502 3176 ⁰
520 3143 696 3207 Interplebeios
706 3145 821 3190 emtores.

218 3215 234 3248 Ρ
253 3209 308 3256 Nos
318 3209 448 3271 superiores
460 3205 763 3258 metamaucensium.

220 3279 232 3314 t
254 3273 303 3322 Vix
313 3275 421 3323 extitisse
431 3273 533 3334 sisgslis
544 3273 664 3323 bominum
671 3271 783 3321 aramus
792 3272 850 3320 diros
860 3275 964 3320 oratores
975 3269 1122 3324 laudabiles?
1141 3313 1145 3321 .

645 3414 794 3438 contnuo
797 3415 826 3436 00

191 3525 214 3570 1.
225 3524 298 3586 224
315 3520 398 3569 iidem
418 3517 494 3569 codd.
512 3533 566 3568 esus
584 3532 672 3568 mmsis
683 3515 815 3579 eloquentis
832 3516 1038 3566 &simun—t
1056 3515 1147 3567 Lumb.
1159 3515 1193 3566 de
1213 3516 1282 3566 Ririi

683 3653 792 3705 NOTAE

223 3745 403 3810 remma]
427 3747 511 3798 Quem
533 3743 715 3794 Demosthenis
757 3742 833 3808 pauci
845 3741 981 3792 admodum
995 3741 1138 3793 floruerunt
1150 3751 1284 3805 oratorem

190 3819 401 3869 studiosissimum
423 3819 503 3870 fuisse
527 3820 606 3868 tradit
623 3821 716 3870 Cicero
757 3818 844 3869 (lelbs
868 3830 896 3868 et
921 3819 1006 3881 (Βαίας
1035 3820 1129 3868 deinde
1154 3820 1287 3883 Lepidm

193 3897 218 3944 in
230 3897 352 3945 Oratore.
757 3904 850 3961 postes
859 3897 962 3957 corbos
979 3906 1032 3946 turn
1046 3897 1152 3947 Crassus
1163 3904 1192 3946 et
1201 3897 1283 3946 Anto·

224 3970 518 4035 *Aristoclsospssetfi
536 3971 611 4036 mess]
629 3970 717 4036 Aque
757 3973 830 4033 nius;
858 3971 952 4021 deinde
973 3973 1104 4036 Sulpicius
1131 3982 1159 4023 et
1186 3973 1282 4023 Cottsz

192 4057 318 4109 exceptus
328 4056 369 4096 est
378 4046 479 4096 Tullius
491 4048 517 4096 in
527 4046 644 4097 Ciliciam
657 4062 715 4112 pro·
758 4055 890 4112 pestremo
903 4048 1075 4110 Hortensium
1095 4049 1136 4098 cui
1153 4063 1182 4098 se
1201 4052 1284 4100 tacite

191 4125 319 4176 ficiscens.
756 4123 1285 4188 adjungit'l'ullios,orstorumannscnm·

226 4197 393 4264 'Gnlbosuitl
413 4199 716 4250 Varissenemsrstors·
757 4214 808 4264 qus
834 4200 919 4250 etatis
948 4200 1059 4250 omnium
1081 4200 1183 4264 jndicio
1208 4199 1284 4252 incita

194 4287 278 4330 torum
288 4285 379 4329 etates
392 4291 400 4340 ;
415 4291 522 4342 quarum
534 4276 590 4327 sliis
606 4276 657 4334 slii,
670 4276 715 4327 ssd
756 4277 887 4344 princeps.
