3184 4925
339 391 427 458 1132
724 405 761 452 rr.
785 405 820 452 u.
845 403 1046 452 crannoars
1099 395 1104 402 '

343 567 427 617 xrv.
442 549 548 634 Atqui
558 547 667 625 rides,
677 547 789 633 inquit
804 546 983 631 Antonius,
999 567 1075 614 cum
1086 547 1191 614 aliaa¹
1208 567 1261 614 res
1270 551 1440 632 agemont

339 673 440 739 quam
455 660 489 744 te
502 651 599 717 inviti
612 652 799 726 audiamus,
808 652 868 734 qui
877 651 1002 716 adduci
1017 669 1208 735 possumus,
1216 650 1273 729 (de
1284 671 1338 716 me
1348 653 1438 716 enim

339 755 515 841 conjicio)
528 754 655 820 relictis
676 761 716 817 ut
729 754 827 817 rebus
848 753 1004 817 omnibus
1018 758 1050 818 to
1064 761 1242 830 sectemur,
1261 760 1296 818 te
1319 753 1439 820 audia-

339 879 433 926 mus:
455 859 505 924 ita
517 858 560 921 de
575 855 718 922 horridis
732 857 833 919 rebus
847 852 967 931 nitida,
983 853 1025 920 de
1033 854 1161 940 jejunis
1173 857 1287 939 plena,
1298 855 1343 922 de
1363 875 1436 939 per·

338 962 487 1045 volgatis
501 978 589 1026 nora
599 957 754 1044 quadam
768 966 823 1021 est
838 957 946 1022 oratio
962 963 1033 1023 tua.

380 1067 434 1130 62.
457 1063 594 1130 Faciles
617 1061 718 1140 enim,
741 1061 858 1144 inquit,
891 1058 1032 1138 Antoni,
1057 1066 1172 1144 partes
1195 1067 1269 1126 aa*
1301 1059 1438 1128 fuorunt

338 1167 526 1251 duae,.quas
546 1163 648 1229 mode
662 1163 866 1247 percucurri,
888 1161 942 1226 vel
956 1161 1069 1246 potius
1084 1181 1179 1246 paene
1194 1163 1359 1246 praeterii,
1372 1164 1438 1228 Ia·

338 1272 409 1336 tine
424 1266 599 1352 loquendi,
610 1266 780 1350 planeque
793 1265 948 1330 dicendi:
970 1262 1108 1349 reliquae
1125 1273 1205 1330 sunt
1218 1283 1362 1348 maguae,
1375 1267 1435 1332 im·

337 1372 488 1458 plicatae,
517 1370 633 1449 vuum,
657 1387 790 1452 mres,
818 1367 943 1451 quibus
968 1367 1078 1432 omnis
1099 1366 1276 1432 admiratio
1299 1369 1438 1450 ingenii,

339 1474 448 1539 omnis
462 1473 539 1538 laus
553 1471 758 1556 eloquentiae
774 1471 973 1538 continetur.
997 1468 1108 1534 Nemo
1122 1471 1209 1534 onim
1226 1489 1375 1554 unquam
1386 1475 1437 1536 est

337 1583 512 1651 oratorem,
527 1575 618 1660 quod
635 1574 755 1640 Latine
769 1574 971 1658 loqueretur,
989 1570 1185 1636 admiratus.
1206 1571 1243 1638 Si
1256 1579 1310 1638 est
1321 1573 1434 1651 aliter,

335 1679 492 1754 irrident;
513 1696 710 1762 nequeeum
726 1684 897 1742 oratorem
913 1673 1156 1752 tantummodo,
1178 1673 1239 1742 sed
1261 1677 1434 1742 homiuem

336 1802 406 1847 uon
420 1787 549 1864 putant.
595 1778 706 1844 Nemo
721 1780 843 1846 extulit
856 1793 933 1844 edm
943 1778 1067 1855 verbis,
1079 1778 1138 1862 qui
1152 1779 1201 1844 ita
1210 1779 1369 1856 dixisset,
1385 1791 1436 1859 ut,

338 1888 398 1970 qui
412 1885 578 1958 adessent,
593 1883 813 1964 intelligerent
827 1880 909 1964 qnid
924 1881 1063 1960 diceret,
1075 1880 1137 1946 sed
1152 1881 1336 1948 contemsit
1346 1895 1435 1956 adm,

336 1991 396 2072 qui
409 1988 518 2052 minus
533 1985 570 2051 id
584 1986 695 2052 facere
711 1985 891 2069 potuisset.
934 1983 988 2049 53.
1011 1982 1054 2048 In
1076 2003 1143 2067 quo
1158 1985 1259 2065 igitur
1278 1985 1435 2074 homiues

334 2089 621 2156 exhorrescunt‘t·
652 2107 754 2172 quem
780 2085 962 2170 stupefacti
985 2084 1150 2153 dicentem
1176 2087 1366 2154 intueutnrl
1401 2089 1436 2154 in

336 2211 407 2277 quo
420 2190 633 2258 exclamanti
655 2209 756 2273 quem
771 2189 895 2267 Deum,
911 2197 948 2254 ot
966 2191 1018 2254 ita
1031 2189 1156 2268 dicam,
1180 2190 1263 2260 iuter
1280 2191 1435 2258 homines

335 2293 484 2380 putanti
529 2293 598 2374 Qui
612 2276 787 2372 distinete,
802 2291 862 2374 qni
873 2292 1058 2376 explicate,
1072 2293 1130 2375 qui
1145 2293 1360 2371 abundanter,
1373 2296 1433 2378 qui

335 2395 522 2465 illuminate
534 2406 569 2462 et
584 2397 682 2461 rebus
693 2401 728 2461 et
736 2395 848 2461 verbis
857 2393 985 2473 dicunt,
991 2401 1027 2459 et
1039 2395 1073 2459 in
1084 2396 1163 2479 ipsa
1171 2395 1320 2461 oratione
1333 2398 1433 2481 quasi

335 2497 501 2583 quendam
529 2517 700 2563 numerum
724 2516 923 2581 versumque
947 2498 1157 2563 conficiunt:
1193 2498 1230 2563 id
1253 2505 1319 2577 est,
1339 2502 1433 2584 quod

335 2602 427 2678 dico,
450 2607 591 2665 oruate.³
636 2598 704 2679 Qui
730 2599 846 2663 ideru⁴
866 2600 914 2665 ita
939 2600 1164 2680 moderantur,
1188 2608 1227 2665 ut
1251 2618 1371 2692 rerum,
1395 2609 1434 2669 ut

275 2778 286 2797 .
334 2724 554 2788 personarum
568 2704 746 2787 dignitates
760 2702 897 2779 ferunt,i
914 2704 940 2768 ii
956 2712 1032 2769 sont
1047 2705 1080 2768 in
1096 2724 1137 2770 eo
1157 2725 1277 2787 genere
1291 2706 1432 2773 laudau-

334 2808 371 2873 di
386 2808 523 2883 laudis,⁵
539 2807 630 2893 qnod
645 2825 708 2890 ego
720 2813 836 2891 aptum
847 2815 883 2872 et
891 2826 1075 2891 congruens
1090 2807 1250 2874 nomino.⁶
1291 2810 1346 2873 54.
1360 2809 1432 2897 Qui

367 2972 381 3007 ¹
397 2976 551 3039 camporum
561 2976 648 3025 attari
659 2975 734 3026 draus
744 2975 847 3040 (ironia
857 2964 970 3041 dicium).

365 3040 635 3104 ‘Qaiaertiltqqrrear
645 3042 805 3091 conterrere
816 3042 925 3105 quodam,
935 3038 1308 3105 quietandmimtioarrmcitar,
1319 3040 1435 3089 radiaatt
1560 3020 1561 3057 ³

361 3102 379 3146 l
393 3104 465 3221 lim
482 3108 665 3221 stroderatioam
682 3107 794 3157 adbibm
816 3110 843 3157 ia
860 3106 968 3171 dicendo,
985 3112 1012 3156 at
1030 3106 1161 3156 orotioasrr
1178 3108 1209 3155 ud
1225 3120 1262 3154 rer
1281 3111 1305 3155 rt
1320 3120 1433 3183 pernam

332 3185 411 3220 mear
464 3186 513 3220 er.

808 3249 912 3271 0000000
916 3250 974 3271 lm

332 3333 439 3397 eqaidera
448 3334 518 3383 satir.
551 3334 626 3396 Mor,
637 3334 764 3397 majeribus
774 3341 834 3387 autu
844 3335 994 3387 Marna-a
1012 3333 1162 3399 Purgoldnr
1173 3331 1328 3398 opinabatur
1344 3334 1432 3399 tepea.

333 3398 395 3448 duur
407 3414 463 3449 aare
474 3400 595 3463 aliqauato
606 3403 746 3464 epemriora.

373 3464 440 3513 Cau.
458 3478 516 3512 xrr.
543 3468 555 3512 l
573 3466 614 3513 lta
633 3465 707 3515 Jrrnr.
727 3466 800 3513 Crat.
823 3464 901 3515 Grut.
923 3476 993 3529 qaum
1012 3464 1075 3513 aliar
1096 3462 1173 3513 codd.
1195 3464 1306 3529 aliquot,
1328 3464 1434 3518 Manat.

335 3528 427 3577 Lamb.
446 3528 550 3577 Sobata.
570 3529 653 3577 orell.
692 3529 766 3583 Mox,
782 3530 906 3579 audiamur
925 3535 986 3593 port
1002 3526 1076 3577 inuiti
1094 3529 1218 3577 omittunt
1237 3530 1312 3579 cedd.
1330 3530 1434 3592 plorimi

332 3608 376 3656 ap.
387 3593 463 3642 Grut.
474 3592 623 3657 habentque
633 3608 704 3656 qaraa
714 3600 739 3643 te
753 3595 779 3642 ia
794 3592 855 3643 citio
870 3595 919 3658 qui,
931 3597 972 3656 isc.
989 3592 1076 3642 Palat.
1086 3598 1111 3642 8.
1123 3599 1211 3657 quanta
1222 3596 1249 3643 br
1258 3596 1320 3644 adia
1331 3597 1382 3658 qai,
1391 3599 1432 3658 ξι.

333 3658 375 3706 ad.
384 3672 405 3707 r.
417 3658 434 3708 1.
445 3663 473 3707 et
485 3673 508 3707 a.
525 3673 594 3721 quara
611 3659 652 3707 aba
670 3666 701 3714 te,
711 3672 759 3707 noa
774 3658 847 3707 inciti
861 3661 954 3721 quidem
967 3657 1053 3707 adduci
1066 3660 1199 3721 mamurra,-
1216 3673 1280 3707 uuna
1293 3659 1380 3710 Oxou.
1391 3662 1434 3711 ab·

332 3723 395 3772 daci.
441 3724 538 3773 Neutra
557 3724 634 3772 lectio
652 3730 693 3771 ert
711 3722 744 3772 ab
763 3723 823 3771 Ald-
840 3722 915 3775 lunt.
935 3724 1025 3773 bamb.
1045 3723 1168 3772 audiamur
1186 3722 1256 3772 delet
1274 3726 1351 3773 etiam
1370 3726 1432 3777 Jnc.

333 3788 447 3837 Gronov.
464 3790 490 3837 in
509 3788 551 3837 ed.
567 3792 639 3839 lost.
654 3803 724 3851 qaam
741 3790 764 3838 te
778 3788 850 3836 irriti
864 3790 988 3839 radim
1002 3796 1124 3851 rurpeeta
1140 3796 1199 3837 aunt
1216 3788 1336 3837 Matthia
1354 3790 1433 3841 ldiac.

332 3854 400 3904 crit.
412 3866 432 3902 r.
441 3856 466 3901 d.
478 3868 504 3914 p.
516 3856 573 3901 682.
607 3854 686 3908 Dein,
698 3852 803 3902 mabar
818 3852 887 3902 rebar
905 3853 947 3902 ed.
958 3871 979 3903 a.
991 3854 1007 3903 l.
1019 3862 1046 3903 et
1056 3870 1079 3903 a·
1092 3852 1198 3903 omnibus
1215 3853 1353 3902 delendum
1371 3868 1434 3905 cen·

331 3918 406 3969 rebat
423 3916 511 3967 Lamb.
524 3930 573 3966 nec
584 3924 671 3966 tamen
682 3919 810 3980 expunxit
822 3918 848 3967 iu
860 3919 972 3968 editione
983 3932 1037 3969 rua.
1069 3918 1138 3968 rebar
1148 3926 1296 3982 anapestum
1307 3920 1434 3972 Gratata.

332 3988 381 4033 -2
400 3983 453 4031 Erl.
466 3986 490 4031 l.
508 3987 588 4045 parter
606 3983 649 4032 lroe.
685 3984 758 4043 Mor,
771 3986 880 4047 percurri
896 3984 971 4033 codd.
992 3984 1107 4047 Rep-t
1124 3983 1166 4033 Its
1184 3984 1260 4033 codd.
1277 3984 1340 4033 item
1356 3985 1433 4036 Junt.

333 4047 425 4101 Lamb.
441 4049 475 4095 at.
506 4048 634 4111 Suspecta
651 4047 718 4110 bac,
731 4048 759 4096 id
773 4062 795 4096 ι.
807 4064 831 4112 q.
841 4050 865 4097 d.
876 4054 959 4098 orante
970 4048 1088 4098 Matthia
1101 4048 1178 4098 Mire.
1191 4048 1256 4099 Crit.
1266 4064 1284 4098 r.
1297 4052 1322 4098 ⁴.
1335 4063 1360 4111 p.
1370 4055 1429 4102 682.

330 4113 481 4179 ‘qaidiraat
492 4112 684 4175 tonj.Srbutaii
695 4111 831 4162 admodum
844 4114 971 4175 aperiora,
981 4123 1088 4175 recepta
1097 4114 1176 4163 etiam
1189 4129 1203 4163 a
1215 4112 1299 4165 Mun!
1318 4114 1430 4166 orell.-

332 4183 349 4229 d
367 4178 470 4228 Ernesti
488 4177 555 4241 conj.
571 4176 638 4237 itera
655 4176 696 4224 rel
714 4176 793 4226 iidem.
828 4177 876 4226 Ed.
894 4192 916 4227 a.
930 4178 947 4227 l.
960 4186 985 4226 et
996 4191 1021 4225 a.
1039 4177 1088 4234 Qut
1104 4179 1130 4227 id
1145 4179 1253 4243 quiden,-
1270 4178 1361 4229 Lamb-
1380 4182 1430 4239 Qai

331 4242 375 4291 bre
390 4243 460 4292 idern.
493 4241 567 4301 Mox,
582 4242 608 4289 ti
622 4246 678 4291 rarat
694 4242 760 4305 conj.
775 4242 928 4291 Sobata-d
946 4242 1010 4292 Voc.
1021 4242 1108 4299 badia,
1125 4252 1275 4309 suspectum
1295 4245 1427 4307 Ernestic,

331 4307 431 4358 delerit
448 4305 602 4358 Sobata-o
618 4304 663 4357 lta
679 4307 755 4358 codd.
769 4307 877 4373 aliquot,
887 4308 965 4360 etiam
985 4308 1047 4373 lirq.
1058 4311 1132 4359 troo.
1143 4318 1170 4361 at
1188 4310 1243 4361 Eri.
1254 4314 1278 4363 t.
1289 4311 1352 4362 itam
1368 4310 1429 4365 edd.
