3184 4925
217 430 219 435 ,
296 368 363 437 948
689 384 728 431 ru.
750 384 784 435 τ.
810 376 1034 435 cicseours‘

299 532 460 615 prestare
478 528 642 615 potuisse.
688 544 730 593 rr.
753 528 883 593 Etenim
908 536 1029 594 ceteree
1049 528 1118 594 fere
1133 520 1224 595 artes
1249 548 1285 595 se
1310 530 1397 616 ipse

299 638 361 717 per
382 640 443 697 se¹
472 639 607 696 tuentur
629 630 817 715 singular*
844 630 1064 697 benedicere
1086 638 1213 709 autern,
1229 634 1320 718 quod
1345 642 1400 699 est

299 732 454 813 scienter,
466 742 502 799 et
516 736 632 817 perite,
650 743 686 799 et
700 740 813 798 ornate
827 732 950 812 dicere,
966 754 1031 799 non
1046 734 1145 799 habel
1155 734 1325 801 definitam
1339 736 1399 801 ali·

299 857 403 921 qnam
426 837 605 923 regionem,
630 838 728 921 cujus
750 836 901 901 terminis
928 847 1026 921 septe
1043 844 1221 903 teneatur.²
1266 836 1399 917 Omnia,

300 958 524 1025 quaecumque
540 940 576 1003 in
597 938 768 1004 hominnm
794 938 1077 1023 disceptationem
1100 939 1222 1005 cadere
1242 948 1399 1024 possunt,

298 1042 384 1106 bene
399 1050 476 1107 sunt
494 1043 525 1105 ei
542 1039 691 1118 dicenda,
708 1038 768 1124 qui
783 1039 848 1105 hoc
872 1060 908 1106 se
929 1061 1032 1126 posse
1056 1042 1239 1125 profitetur,
1257 1048 1318 1106 aut
1331 1044 1399 1107 elo·

300 1144 448 1229 quentiae
472 1162 591 1208 nomen
614 1140 871 1228 relinquendum
893 1158 959 1210 est.
1002 1145 1036 1209 6.
1060 1142 1175 1223 Quare
1195 1138 1347 1228 equidem
1364 1151 1400 1209 et

300 1247 333 1311 in
347 1254 460 1310 nostra
473 1246 622 1323 civitate,
637 1254 673 1311 et
687 1248 720 1310 in
736 1247 814 1330 ipsa
826 1245 973 1323 Graecia,
987 1266 1063 1331 qnae
1078 1266 1209 1331 semper
1222 1245 1297 1312 hoec
1311 1265 1400 1311 surn-

300 1368 356 1413 ma
370 1348 490 1424 duriti
510 1349 637 1414 multos
653 1357 689 1414 et
703 1349 859 1433 ingeniis,
875 1354 908 1413 et
922 1344 1041 1433 magna
1054 1349 1156 1415 lnude
1170 1343 1304 1415 dicendi
1326 1336 1400 1415 sine

299 1468 430 1515 summa
448 1470 555 1515 rerum
577 1452 724 1516 omniurn
747 1454 890 1517 scientia
904 1452 1030 1517 suisse³
1053 1452 1179 1519 fateor:
1201 1453 1303 1518 talem
1319 1470 1400 1517 vero

298 1553 442 1618 existere
465 1554 703 1638 eloquentiam,
726 1554 838 1640 qualis
860 1554 962 1620 fuerit
987 1556 1024 1620 in
1044 1541 1170 1621 Crasso
1190 1563 1226 1620 et
1239 1554 1400 1633 Antonio,

299 1674 368 1719 non
395 1656 538 1739 cognitis
560 1658 658 1721 rebus
683 1658 850 1735 omnibus,
874 1677 952 1741 quae
970 1656 1013 1722 ad
1038 1664 1165 1724 tantam
1190 1657 1401 1742 prudentiam

300 1757 515 1841 pertinerent,
545 1762 743 1844 tantamque
773 1759 909 1825 dicendi
939 1760 1088 1844 copiam,
1114 1769 1241 1845 quanta
1267 1760 1303 1825 in
1332 1759 1400 1825 illis

299 1860 425 1938 suerit,4
446 1879 509 1926 non
530 1862 685 1944 potuisse
706 1862 879 1927 confirmo.
922 1862 957 1928 7.
981 1861 1061 1942 Quo
1087 1863 1188 1927 etiam
1210 1863 1275 1927 ieci
1293 1862 1403 1926 liben-

301 1962 378 2042 tius,
400 1970 440 2026 nt
466 1982 543 2027 eum
565 1982 759 2039 sermonem,
784 1983 883 2049 quem
906 1963 956 2029 illi
980 1964 1173 2048 quondam5
1193 1963 1279 2029 inter
1300 1956 1401 2027 se'de

302 2065 355 2130 his
385 2066 486 2130 rebus
510 2066 722 2143 habuissent,
749 2067 941 2132 mandarem
961 2068 1088 2133 literis:
1111 2067 1165 2131 vel
1189 2057 1226 2131 ut
1245 2064 1305 2130 illa
1329 2066 1403 2149 opi·

299 2168 372 2247 nio,
405 2188 481 2251 quae
513 2188 646 2253 semper
679 2168 811 2247 suisset,
840 2168 1023 2248 tolleretur,
1053 2170 1194 2234 alterum
1223 2186 1291 2231 non
1321 2167 1403 2233 doc·

301 2270 479 2347 tissimum,
508 2270 647 2336 alterum
675 2269 777 2355 plane
817 2271 989 2337 indoctum
1025 2270 1157 2350 luisse3
1196 2270 1247 2333 vel
1280 2277 1318 2334 ut
1349 2288 1404 2347 ea,

302 2394 378 2459 qnae
399 2374 624 2441 existimarem
645 2394 666 2441 a
691 2376 832 2441 summis
864 2376 1051 2441 oratoribus
1075 2373 1116 2439 de
1141 2373 1331 2458 eloquentia
1351 2374 1404 2437 di·

303 2479 429 2544 rinitns
452 2500 527 2544 esse
554 2479 656 2558 dicta,
688 2479 891 2545 custodirem
922 2479 1043 2558 literis,
1071 2478 1102 2542 si
1131 2476 1199 2542 ullo
1222 2477 1322 2542 modo
1348 2495 1402 2541 as·

304 2581 402 2664 sequi
433 2573 678 2665 complectique
700 2581 912 2665 potuissem
934 2581 989 2646 vel
1010 2581 1197 2645 mehercule
1219 2578 1346 2654 otiam,⁶
1367 2583 1403 2644 ut

301 2681 437 2747 landem
471 2704 600 2763 eorum,
630 2685 703 2770 jam
741 2703 849 2768 prope
881 2691 1118 2764 senescentem,
1153 2691 1312 2767 quantum
1341 2703 1403 2767 ego

306 2806 455 2871 possem,
485 2789 529 2852 ab
552 2787 723 2853 oblivione
745 2788 914 2853 homiuum
936 2800 1040 2873 atque
1062 2808 1084 2853 a
1103 2788 1233 2852 silentio
1253 2786 1403 2852 vindica·

304 2908 384 2953 rem.
431 2889 464 2953 8.
488 2888 579 2954 Nam
595 2889 625 2954 si
647 2909 690 2954 ex
712 2891 850 2974 scriptis
865 2893 1024 2972 cognosci
1040 2891 1106 2974 ipsi
1122 2891 1191 2955 suis
1205 2891 1403 2974 potuissent,

304 2992 412 3057 minus
427 2993 491 3056 boc
508 2991 649 3057 sortasse
664 2991 744 3057 mibi
766 3012 844 3056 esse
866 2997 1062 3075 putassem⁷
1081 2991 1319 3057 laborandum:
1342 2991 1404 3056 sed

305 3113 380 3160 cum
397 3093 478 3160 alter
497 3112 564 3157 non
590 3093 757 3172 multum,⁸
778 3093 882 3176 (quod
904 3094 1041 3177 quidem
1064 3092 1240 3179 extaret,··)
1263 3102 1299 3159 et
1316 3094 1405 3178 idip·

336 3241 349 3276 ¹
367 3245 441 3292 certa
452 3245 551 3306 quodum
562 3259 591 3293 ue
606 3241 705 3310 definito
716 3243 742 3292 in
753 3243 854 3293 muteris
864 3248 999 3302 emtor,
1016 3257 1092 3308 neque
1106 3243 1163 3293 adu
1177 3240 1270 3291 srtibrrs
1286 3241 1405 3305 indigeri,

305 3312 334 3356 st
344 3321 424 3359 eurum
433 3309 524 3356 uusitio
533 3309 626 3373 possint
634 3313 749 3371 proestme
760 3310 784 3357 id
795 3309 856 3371 quod
866 3308 1017 3375 profitentur.

332 3371 345 3406 Ἰ
362 3373 526 3436 Eloquentiam
536 3387 624 3422 sucuro
633 3387 724 3436 semper
733 3373 759 3423 iu
770 3374 847 3437 pretio
857 3373 949 3425 lubuit

336 3443 357 3470 ¹¹
375 3437 445 3493 Quod
455 3438 548 3500 quidem
558 3439 671 3502 scriptum
681 3443 751 3488 coer.

765 3547 947 3571 eumooom

339 3622 406 3671 cnr.
423 3635 453 3672 ιι.
488 3626 501 3670 1
519 3622 607 3672 verbu
625 3635 702 3686 petre
714 3623 843 3673 deurntin
854 3623 911 3674 Eri.
924 3629 948 3675 l.
981 3624 1056 3678 Mox,
1073 3629 1098 3674 et
1115 3624 1205 3687 partite
1221 3624 1289 3687 conj.
1299 3623 1405 3676 actura

305 3693 335 3737 et
352 3687 428 3736 Harl.
443 3692 467 3735 et
483 3689 578 3750 proprie
595 3689 677 3751 erl-72
695 3689 784 3738 namu
793 3696 887 3752 reptem
896 3695 1014 3752 terrentur,
1029 3690 1159 3750 probante
1170 3690 1264 3739 Perre.
1275 3697 1303 3740 et
1313 3690 1353 3738 sic
1363 3703 1405 3738 rs·

307 3751 412 3814 scripsit
431 3751 540 3802 Wersel.
561 3761 627 3817 septu
651 3759 759 3804 tenentur
786 3755 865 3803 oratio
890 3755 959 3818 conj.
988 3755 1064 3803 Mull.
1089 3761 1155 3817 septa
1176 3761 1285 3803 terrentur
1311 3754 1365 3804 Eri.
1383 3759 1406 3804 1.

308 3815 398 3868 Guelt‘.
412 3820 436 3866 2.
449 3821 474 3865 s.
495 3824 523 3867 et
544 3818 604 3868 edd.
625 3823 737 3869 vett-8
756 3819 905 3880 Profuisse
925 3819 1001 3869 Muli.
1022 3819 1090 3883 conj.
1104 3819 1227 3883 florente.
1262 3819 1335 3882 Mox,
1358 3833 1406 3882 pro

300 3883 364 3943 suit,
380 3883 551 3943 sanuserat.
577 3884 659 3934 Paulo
679 3891 748 3948 port,
765 3899 818 3948 qua
834 3885 861 3934 in
878 3890 971 3934 testu
990 3883 1047 3933 Erl.
1065 3888 1090 3933 1.
1112 3884 1173 3932 edd.
1191 3885 1232 3934 W.
1252 3882 1313 3934 Aru.
1330 3885 1406 3938 dunt.

307 3947 380 3998 Crat.
394 3947 466 3996 Man.
477 3948 554 3998 Grnt.
566 3949 693 4012 probante
711 3951 837 4011 Heusing.
848 3964 902 4014 qua
915 3952 947 3999 ud
961 3954 1055 3998 tentent
1067 3950 1162 3998 Vener.
1172 3949 1282 3999 Mediol.
1296 3951 1365 4014 Lipr.
1376 3957 1405 4000 et

306 4012 444 4062 siren-4
462 4013 516 4063 Eri.
535 4018 559 4063 l.
580 4013 621 4063 elii
643 4015 720 4065 codd.
737 4023 766 4064 et
787 4013 849 4066 edd.
870 4022 931 4064 ante
951 4015 1056 4064 Ernest.
1072 4015 1185 4074 suit-t
1203 4015 1271 4064 Edd.
1290 4026 1354 4066 retr.
1377 4023 1406 4066 et

306 4073 384 4128 Moli.
401 4079 517 4140 quondum
537 4079 634 4129 iili—d
650 4079 742 4145 steph·
758 4087 787 4130 et
807 4081 897 4130 Lsruu.
917 4094 962 4143 sp.
980 4079 1065 4131 orell.
1083 4081 1306 4144 omittentem,
1330 4081 1403 4132 ‘Nec

800 4191 906 4242 ΝΟΜ

356 4287 369 4324 t
390 4280 460 4330 Alter
482 4295 529 4330 sor
550 4279 660 4347 mudum]
689 4281 778 4335 Peuce
799 4283 926 4337 extabant
948 4284 1033 4338 crossi
1056 4285 1172 4352 scripta:
1198 4286 1297 4351 sliqoot
1317 4291 1405 4350 parter
