3184 4925
314 404 381 473 976
704 420 743 467 n.
766 420 808 467 0.·
825 420 1027 468 cressonis
1052 428 1055 437 ·

314 566 358 633 de
372 564 511 633 musicis
525 565 624 633 rebus
639 574 706 631 unu
721 565 859 649 poterit,
873 566 956 649 quin
969 565 1075 642 dicat,
1090 564 1155 629 hoc
1168 584 1266 636 onere
1275 563 1413 649 suscep*

315 676 362 748 to,
376 688 543 737 recusare.
587 670 740 751 Denique
759 670 802 744 ei,
825 669 883 751 qui
899 669 1074 752 profitetur
1082 676 1109 707 ¹⁰
1130 688 1205 732 esse
1220 687 1330 745 sunm,
1344 687 1412 732 nou

314 776 425 843 solum
438 774 481 839 de
495 776 539 841 iis
555 772 804 850 controuersiis,
819 793 896 856 qum
912 773 1119 856 temporibus
1128 779 1164 839 et
1182 775 1337 857 personis
1350 792 1412 837 uo·

315 886 394 943 tatae
420 882 510 955 sunt,
532 876 682 951 honest,
706 873 746 938 de
767 875 921 939 omnibns
943 874 1142 949 forensibus,
1164 876 1224 940 sed
1246 873 1350 941 etium
1369 874 1412 941 de

312 999 467 1063 generum
490 978 625 1044 infinitis
643 977 893 1064 quaestionibus.
913 964 1038 1056 dicere,
1059 980 1321 1063 nullumpotest
1335 999 1412 1043 esse

314 1102 417 1164 genus
431 1081 606 1159 cretionis,
622 1081 712 1163 quod
728 1082 774 1145 sit
788 1090 982 1165 exceptum.
1014 1097 1098 1145 xvi.
1113 1083 1168 1147 67.
1191 1082 1261 1147 800
1276 1084 1305 1149 si
1320 1083 1411 1147 illum

314 1203 449 1269 qnoque
463 1190 594 1267 portem
609 1184 831 1267 quaestionum
847 1186 972 1249 oratori
987 1186 1145 1249 volomus
1158 1185 1335 1269 adjungere
1357 1201 1412 1251 ue·-

315 1306 403 1369 gem,
430 1292 466 1351 et
490 1286 640 1361 liberam,
662 1292 696 1351 et
718 1285 785 1351 late
809 1295 989 1370 putentem,
1014 1295 1053 1351 ot
1072 1288 1114 1352 ds
1128 1289 1228 1352 rebus
1242 1288 1339 1353 bouis
1354 1295 1412 1351 snt

313 1391 424 1467 malis,
456 1389 654 1472 expetendis
691 1396 751 1455 eut
778 1390 960 1472 fugiendis,
983 1392 1132 1455 honestis
1161 1399 1219 1457 unt
1248 1390 1412 1475 turpibus,

315 1493 453 1559 utilibus
472 1498 530 1557 aut
545 1491 746 1572 inutilibus,¹
770 1493 812 1557 de
824 1495 955 1572 virtute,
970 1493 1011 1557 de
1022 1493 1170 1577 justitia,
1186 1494 1229 1560 de
1242 1496 1413 1561 canonos

315 1598 375 1673 tiu,
392 1595 433 1659 de
456 1594 646 1678 prudentie,
662 1596 705 1660 de
723 1596 947 1677 magnitudine
961 1598 1075 1674 enimi,
1090 1596 1133 1663 de
1149 1594 1413 1675 liberalitatem

313 1698 450 1783 pietate,
464 1698 677 1769 deamicitia,
694 1698 736 1763 de
749 1699 827 1777 tide,
841 1698 885 1762 de
896 1698 1017 1777 officio,
1025 1700 1069 1765 de
1083 1701 1207 1771 ceteris
1222 1700 1413 1777 virtutibus,

314 1802 555 1885 contrariisque
578 1802 683 1879 vitiis,
709 1802 886 1867 dicendum
909 1803 1035 1867 oratori
1061 1811 1242 1886 putemus:
1264 1805 1412 1887 itemque

314 1903 356 1973 de
371 1905 553 1987 republica,
572 1902 615 1969 de
638 1904 851 1989 imperic,.de
865 1924 902 1969 re
918 1905 1066 1983 militari,
1082 1905 1124 1969 de
1138 1905 1317 1990 discipline
1331 1906 1413 1973 civi·

314 2007 421 2082 tutis,¹
443 2006 485 2073 de
500 2006 669 2071 huminum
685 2008 834 2071 muribus
847 2027 856 2071 t
871 2026 1082 2073 ”sumamus
1093 2027 1168 2073 eom
1184 2028 1320 2094 quoque
1335 2026 1413 2089 par·

315 2120 395 2186 tem,
422 2109 480 2173 sed
512 2110 569 2187 ita,
600 2116 636 2173 ut
665 2110 710 2177 sit
738 2112 995 2192 circumscripte
1025 2112 1170 2177 modicis
1195 2110 1414 2193 regionibus*

313 2214 366 2279 68.
391 2212 555 2297 Equidem
575 2212 698 2285 omniu,
725 2232 803 2296 quae
824 2212 990 2296 pertinent
1010 2213 1054 2276 ad
1076 2232 1174 2276 usum
1189 2215 1327 2290 civioro,
1343 2232 1413 2277 nro·

240 2344 245 2355 ·
315 2335 384 2381 rem
400 2315 580 2389 homiuum,
593 2333 669 2399 qum
682 2320 854 2378 versentur
864 2314 897 2376 iu
912 2315 1147 2381 cousuetudine
1159 2316 1250 2393 vitse,
1265 2318 1297 2379 iu
1315 2317 1412 2380 rotic-

315 2416 973 2501 00000000100000010000000000οοί011,
988 2418 1023 2481 in
1033 2438 1136 2484 seusu
1147 2418 1315 2484 homiuum
1323 2438 1412 2484 com-

314 2522 418 2596 muni,
435 2521 468 2585 in
485 2527 611 2598 nutura,
632 2521 665 2584 in
677 2521 839 2598 moribus,
855 2522 1168 2605 comprehendenda
1194 2541 1271 2585 esse
1287 2522 1413 2584 oraton

314 2614 415 2710 puto:
438 2626 468 2688 si
492 2625 610 2702 miuus,
634 2633 671 2688 ut
690 2626 872 2708 separatim
894 2625 936 2688 de
954 2623 1009 2689 his
1023 2625 1123 2688 rebus
1138 2623 1413 2706 philosophorum

314 2747 407 2792 more
430 2726 650 2810 respondean
674 2734 709 2791 ut
731 2733 847 2806 certe,²
868 2733 906 2791 ut
928 2727 961 2789 in
985 2745 1091 2791 causa
1111 2727 1291 2812 prudenter
1306 2725 1414 2808 possit

314 2831 483 2894 intexere:
506 2830 599 2894 hisce
615 2837 725 2894 autem
740 2831 826 2912 ipsis
842 2829 884 2894 de
899 2832 997 2894 rebus
1011 2838 1051 2894 nt
1071 2831 1119 2894 ita
1138 2829 1306 2913 loquutur,
1321 2829 1412 2905 otii,

316 2933 373 3018 qui
385 2931 473 3016 jura,
495 2931 553 3016 qui
568 2930 670 3014 legeS,
688 2934 746 3015 qui
760 2933 914 2998 civitates
928 2935 1183 3007 constituerunt,
1204 2933 1310 2997 locuti
1322 2941 1411 3022 ¹sunt,

209 3051 210 3054 ’
316 3034 509 3118 simpliciter
530 3041 564 3097 et
583 3035 768 3118 splendide,
787 3037 858 3099 sine
879 3035 951 3102 ulta
965 3037 1050 3100 serie
1064 3037 1341 3120 disputationum,
1357 3041 1412 3098 et³

315 3139 387 3203 siue
411 3136 530 3221 jejuna
559 3125 809 3203 concertatione
834 3140 1019 3204 verborum.
1063 3139 1119 3202 69.
1144 3139 1223 3204 Hoc
1241 3139 1343 3219 1000,
1371 3157 1413 3200 ne

317 3259 386 3326 quc
411 3241 457 3304 sit
481 3239 669 3316 admiratio,
697 3241 726 3304 si
751 3246 801 3305 tot
823 3232 1178 3326 tantarumqne'rerum
1203 3241 1293 3306 uultu
1314 3261 1336 3306 u
1359 3259 1412 3315 me

315 3348 487 3428 praecepta
502 3351 691 3426 ponentur,⁴
712 3345 762 3408 sic
778 3351 889 3408 statuo
902 3368 909 3407 :
935 3344 1030 3410 Utin
1045 3345 1164 3408 ceteris
1180 3345 1320 3421 artibus,
1335 3361 1413 3407 cum

346 3561 361 3648 1
377 3551 596 3666 gamma
605 3615 718 3666 diuerm
726 3619 756 3666 de
765 3617 885 3666 neom
894 3615 1007 3671 amru,
1024 3631 1071 3665 m
1080 3616 1137 3677 sur
1147 3623 1172 3668 et
1187 3617 1305 3681 implicate
1321 3623 1348 3667 st
1358 3617 1413 3681 pti·

315 3681 428 3744 temptor,
439 3683 479 3744 red
489 3681 566 3730 obiter
576 3686 600 3731 et
611 3685 831 3746 00000100ωο000
840 3681 1015 3742 msmuttute.

314 3994 334 4027 r.
347 3993 367 4026 r.
382 3975 505 4040 plenitudo
517 4009 523 4022 .
536 4008 562 4023 ..
576 4009 582 4024 .
594 3974 651 4040 qnid
669 3975 733 4025 dicat
752 3977 896 4040 00030000
909 3978 1089 4038 susceptu-1⁰
1106 3975 1156 4026 Ed.
1167 3990 1188 4025 s.
1201 3975 1217 4025 Ι.
1230 3985 1255 4024 et
1268 3992 1291 4026 0.
1303 3984 1330 4026 et
1343 3976 1414 4039 Lips.

314 4045 361 4098 dis,
372 4041 413 4107 qui
423 4039 573 4105 profitentur.
608 4041 682 4097 Mox.
695 4047 849 4103 prenotate,
863 4041 931 4103 qood
943 4055 958 4089 e
970 4041 1037 4104 conj.
1053 4041 1155 4089 Msonr.
1167 4049 1194 4088 et
1207 4041 1295 4090 Lumb-
1306 4057 1410 4106 recepe·

314 4115 375 4158 runt
387 4108 492 4156 Ernest.
506 4107 578 4154 Hori·
591 4106 665 4156 Μο11.
678 4107 760 4156 00011.
771 4113 833 4155 nota
844 4106 939 4165 legitur
950 4105 975 4153 iu
988 4106 1082 4155 ceteris
1094 4105 1148 4154 t'ere
1160 4105 1221 4154 edd.

349 4173 417 4223 Cn.
428 4185 487 4220 xvi.
521 4176 533 4220 l
552 4172 607 4221 Eri.
621 4177 641 4219 ι.
657 4186 688 4219 us
699 4172 833 4220 inutilibus.
863 4171 939 4233 Mox,
951 4171 1018 4219 idern
1031 4169 1124 4231 codex,
1135 4172 1165 4220 de
1175 4172 1260 4237 officio,
1269 4171 1372 4236 defide.
1386 4205 1393 4218 .
1406 4207 1412 4220 .

314 4239 404 4287 croton'
413 4241 578 4301 putenm-e
596 4236 652 4286 Eri.
669 4240 815 4300 respondent,
833 4241 907 4286 certe.
940 4235 1013 4284 idern
1029 4237 1107 4300 panto
1124 4247 1193 4298 post,
1206 4238 1243 4286 sti
1259 4239 1291 4293 ei,
1306 4238 1358 4300 qui,
1370 4238 1413 4298 00.

314 4308 362 4354 -t
380 4303 446 4355 Huc
458 4303 546 4360 verbs,
562 4300 614 4350 rinc
631 4301 679 4351 sua
696 4301 758 4351 serie
776 4301 972 4365 disputationum,
985 4309 1019 4366 et,
1037 4300 1131 4354 desunt
1142 4305 1168 4354 iu
1182 4302 1235 4354 Eri.
1248 4307 1320 4354 1.-0
1337 4301 1412 4352 Idem
