3184 4925
550 412 599 459 nn
624 412 817 473 onsrouu,
843 414 884 462 rr.
908 398 961 464 19.
1234 401 1307 469 9881

197 553 295 623 aliter
317 558 362 621 ab
380 546 460 623 'adis
482 538 687 640 digeruntur)
707 557 741 621 iu
764 576 851 642 quas
872 554 923 625 est
936 560 980 623 ab
1000 556 1055 624 his
1069 562 1177 627 omnis
1192 564 1306 630 oratio
1415 602 1419 609 ·
1513 628 1523 651 ‚

135 668 139 671 ’
196 661 385 727 distributa.
427 659 483 725 80.
505 659 635 725 Jubent
655 661 742 739 enirn
758 662 905 727 exordiri
927 662 987 741 ita,
1009 672 1048 727 ut
1060 682 1150 741 eum,
1167 665 1225 748 qui
1240 684 1299 731 au·
1415 712 1418 717 -
1504 657 1519 673 ”

195 762 279 842 diat,
302 763 494 827 benivolum
515 764 613 827 nobis
632 762 808 841 iaciamus,
829 770 862 828 et
882 765 1036 844 docilem,
1060 771 1095 830 et
1115 773 1298 835 attentum:

195 866 317 929 deiude
347 886 415 931 rem
430 874 457 904 ¹⁰
477 884 618 944 nemore,
649 868 700 931 ita
723 874 761 931 ut
785 867 976 933 verisimilis
1004 870 1152 934 narratio
1181 870 1237 948 sit,
1262 877 1300 937 ut

196 974 323 1051 aperta,
337 976 375 1033 ut
390 968 524 1033 brevis:
546 975 626 1053 post
641 976 751 1033 autem
768 968 920 1035 dividere
933 960 1084 1048 causam,
1098 978 1157 1035 aut
1170 991 1298 1057 propo·
1340 1001 1342 1008 ·

195 1090 294 1134 nere:
318 1078 434 1135 nostra
449 1069 641 1137 confirmare
657 1074 876 1153 argumentis,
890 1092 932 1137 ae
946 1074 1156 1140 rationibus:
1179 1073 1297 1140 deinde

196 1174 369 1238 contraria
382 1172 547 1239 refutare:
571 1183 642 1239 tum
658 1182 767 1239 autem
784 1175 843 1241 alii
855 1176 1106 1241 conclusionem
1120 1178 1296 1258 orationis,

195 1282 229 1340 et
257 1277 354 1359 qnasi
384 1276 626 1359 perorationem
653 1277 846 1355 uolloeaut;
876 1278 947 1342 alii·
957 1276 1091 1361 jubent,
1116 1284 1302 1361 antequam⁴

195 1388 378 1463 peroratur,
399 1378 537 1443 emendi
565 1387 625 1444 ant
651 1379 796 1462 augendi
820 1398 935 1459 eausa,
950 1380 1092 1463 digredi
1107 1387 1151 1443 :¹¹
1175 1380 1302 1461 deinde.

194 1482 407 1557 concludere,
418 1502 458 1547 no
474 1502 639 1566 perorare.
653 1464 655 1477 ¹
682 1483 736 1549 81.
761 1482 819 1549 Ne
831 1482 905 1549 haee
921 1483 1055 1566 quidem
1071 1484 1294 1568 reprehendo:

194 1590 275 1649 suot
286 1585 372 1650 enim
386 1586 550 1650 concinne
567 1585 767 1651 distributa:
790 1587 851 1650 sod
867 1595 989 1663 tamen,
1000 1584 1035 1650 id
1049 1585 1141 1669 quod
1155 1605 1297 1652 neeesse

120 1698 128 1713 ‘
192 1686 257 1751 fnit
270 1684 460 1752 homiuibus
475 1689 672 1771 expertibus
684 1682 847 1767 veritatis,
862 1708 929 1754 non
943 1690 1062 1772 perite.
1106 1686 1194 1767 Quae
1206 1691 1297 1757 enim

192 1798 365 1874 praecepta
379 1791 667 1875 principiorum-'et
677 1794 905 1859 narrationum
916 1811 992 1857 esse
1007 1791 1191 1867 voluerunt,
1203 1811 1245 1855 ea
1257 1794 1296 1857 in

191 1892 275 1957 totis
291 1893 501 1957 orationibus
516 1900 596 1957 sunt
610 1895 855 1959 conservanda.
896 1894 959 1959 82.-
973 1892 1065 1958 Nam
1076 1913 1142 1975 ego
1152 1900 1179 1931 ¹²
1195 1894 1296 1959 mihi¹

193 1994 382 2058 benivolum
396 1994 545 2078 judicem
560 1996 698 2059 facilius
713 1995 825 2060 faeere
839 2016 977 2081 possum
998 1998 1034 2060 in
1057 1996 1155 2060 eursu
1170 1997 1295 2061 oratio·

193 2096 256 2173 nie,
273 2116 373 2181 qnam
392 2117 466 2161 euru
483 2097 594 2163 omnia
614 2102 692 2163 sunt
712 2098 1075 2185 inauditar'.-dociiem
1091 2103 1296 2175 autemnon

192 2216 270 2263 enm
286 2200 454 2282 poliieeor
466 2220 520 2265 me
535 2200 849 2276 demonstraturum,
872 2202 934 2266 sed
951 2209 1032 2279 tum,
1047 2221 1123 2265 eum
1139 2202 1248 2266 doceo
1261 2207 1295 2265 et

92 2316 96 2324 ·
192 2302 360 2385 explano:
385 2308 550 2368 attentum
572 2320 662 2383 vero,
687 2304 805 2367 crebro
827 2310 899 2369 tota
923 2305 1081 2370 aetioue¹
1101 2305 1294 2369 excitandis

192 2406 360 2473 mentibus
369 2405 536 2492 judicum,
562 2424 627 2472 nou
651 2406 757 2489 prima
777 2405 1048 2472 denuntiatioue‘
1069 2405 1198 2472 efficere
1215 2426 1292 2490 pos-

192 2527 320 2574 sumus.
362 2510 417 2575 83.
439 2510 519 2576 Jam
534 2529 614 2574 voro
636 2510 857 2575 narrationem
878 2511 969 2595 qnod
990 2486 1113 2595 jubent
1131 2511 1292 2575 verisimi-

191 2609 257 2674 lem
271 2629 361 2690 esse,
376 2623 412 2677 et
427 2621 591 2696 apertam,
607 2619 639 2680 et
653 2613 799 2693 brevem,
814 2622 901 2678 reete
915 2634 978 2678 nos
993 2614 1189 2680 admonent:
1204 2614 1293 2698 quod

190 2709 266 2800 haee
289 2717 489 2814 narrationis
515 2718 621 2799 magis
649 2723 771 2800 putant
793 2737 869 2781 esse
893 2718 1039 2802 propria,
1065 2718 1292 2802 quamtotius

191 2818 371 2906 ore-tionis,¹
388 2817 486 2892 valde
501 2817 582 2882 mihi
598 2818 754 2884 videntur
769 2828 920 2886 errarez²
943 2821 1144 2905 omninoque
1170 2818 1205 2884 iu
1226 2821 1292 2885 hoe

216 2991 235 3064 ι’
254 2983 365 3036 Nosdnn
373 2985 515 3046 sjsdieibtr
525 2985 616 3036 noddo.
714 2995 726 3020 ⁸
742 2987 829 3037 Prista
839 2989 994 3052 postumiane
1004 2987 1153 3039 attentionis.

188 3191 351 3252 septem-10
367 3186 457 3236 Lemb.
475 3187 573 3252 aarum
592 3201 650 3238 rem.
684 3189 758 3248 Mox,
779 3193 834 3250 post
852 3192 895 3237 sat
914 3185 1021 3236 dividere
1038 3185 1129 3236 Goeli.
1142 3192 1227 3237 r.-11
1246 3156 1291 3240 Its

188 3253 376 3306 santonum.
395 3253 472 3303 Grnt.
488 3261 516 3302 et
533 3253 619 3316 rutpg.
637 3253 736 3314 degredi
752 3253 842 3302 Lemb.
858 3252 965 3301 setrius.
976 3261 1003 3299 et
1015 3251 1166 3302 Oreit-li
1185 3253 1249 3304 Nune
1265 3261 1290 3304 et

188 3319 319 3383 eso-tout.
330 3317 403 3368 (irat.
415 3319 519 3394 Manat.
551 3319 625 3374 Mos,
643 3317 742 3368 eadem
759 3317 822 3367 edd.
841 3325 868 3368 et
880 3317 989 3368 ‚Victon
1002 3331 1108 3380 pomis,
1125 3333 1178 3387 psus
1194 3333 1246 3368 sum
1263 3320 1291 3370 s's

690 3439 804 3491 Nom

220 3538 234 3566 ¹
252 3531 316 3584 Nm
327 3543 370 3592 ees
389 3530 460 3591 niet,
471 3530 525 3595 te]
550 3528 664 3579 Aberrst
679 3529 721 3579 hic
762 3528 870 3579 muitum
882 3528 1016 3594 prodesse,
1030 3529 1150 3594 siparum
1163 3530 1291 3591 inteiliga-

189 3607 333 3658 Antonios:
354 3608 403 3659 etsi
416 3608 484 3658 enirn
498 3607 597 3671 judicis
609 3606 720 3658 bedero-
761 3613 821 3667 tur,
833 3606 951 3670 rdeoqne
961 3606 1044 3655 serios
1054 3612 1109 3655 tour
1120 3620 1177 3655 esse
1188 3607 1290 3657 andito·

187 3686 295 3736 tentiam
313 3683 374 3734 'tots
395 3685 514 3736 oratioue
533 3683 613 3733 debet
632 3691 721 3733 orrtor
759 3695 815 3746 rem
826 3682 937 3732 reddere
947 3697 997 3731 uon
1015 3690 1143 3732 attentum
1161 3697 1237 3748 quern
1250 3692 1289 3735 st·

188 3761 320 3826 sneuprri,
339 3761 472 3830 praeeipue
491 3774 548 3810 eam
565 3760 614 3810 sibi
633 3761 718 3810 ronci-
761 3769 872 3810 tentum.
888 3759 1287 3824 Pelluntur:ineptitenirnors·
1354 3781 1357 3788 ·

186 3837 234 3891 liet
245 3840 269 3889 in
287 3829 403 3890 exordiis
417 3853 525 3910 neeesse
540 3847 591 3896 est,
602 3853 659 3888 eum
673 3839 714 3889 vai
760 3847 809 3896 tor,
829 3838 872 3900 qui
895 3837 928 3886 sb
943 3837 1062 3886 oratione
1080 3851 1127 3885 sos
1143 3837 1289 3890 auditorem

186 3915 292 3969 auditor
310 3915 489 3980 prejudieetis
507 3916 533 3968 iu
549 3917 657 3982 gretiam
668 3914 713 3964 sd·
754 3913 866 3963 euertit:
880 3913 948 3975 sepit
959 3921 1058 3974 sotem,
1068 3912 1111 3976 qui
1124 3912 1288 3965 obsecutura

185 3994 357 4042 aerariorum
375 3991 538 4055 opinionibus
553 3991 661 4055 taboret,
673 3993 715 4041 vet
754 3992 882 4040 rationum
904 3987 1060 4038 intirmorum
1080 3990 1288 4044 consideratione

185 4069 299 4119 nondun
317 4068 385 4119 bens
400 4083 463 4134 erga
481 4083 528 4120 nos
543 4069 645 4120 ridetur
660 4070 727 4119 sui-¹
755 4074 857 4116 evocat.

107 4172 114 4186 .
186 4153 281 4198 ῃιιιη,
787 4141 880 4192 *Mitt
900 4140 1012 4192 rideatur
1026 4140 1120 4206 mne]
1140 4143 1211 4195 Tota
1230 4145 1287 4198 isne

218 4223 367 4274 &Attestsn
376 4237 439 4280 oen,
455 4221 535 4274 ersirs
550 4228 604 4278 tosa
611 4223 716 4288 mose]
757 4217 865 4277 Antoni
884 4217 1049 4268 ratiocinatio
1065 4219 1171 4282 egregie
1190 4220 1288 4274 refelli.

187 4297 270 4349 lmus
288 4296 396 4348 uadunt
415 4297 529 4348 nonnulii
546 4300 621 4350 matre
632 4313 717 4350 eausa
758 4294 1249 4373 turscnssrnhujusiitrrimndzc,
1278 4364 1281 4368 ι
