3184 4925
546 474 595 526 n'rr
618 478 808 542 cursous,
830 480 870 527 rr.
891 465 945 529 44.
1197 467 1290 534 '1029

192 618 343 700 ederint,
367 616 427 686 aut
449 614 598 705 diligant,
614 628 673 689 aut
686 620 867 702 invideant,
881 630 940 689 ant
955 616 1083 691 salvum
1093 616 1215 707 uelint,
1232 635 1291 696 aut

189 718 362 796 metuerit,
377 732 435 790 ant
450 732 604 809 sperent,¹
627 730 685 790 aut
697 724 844 809 cupiant,
862 732 920 791 aut
935 726 1144 807 abhorreant,
1158 738 1217 797 aut
1230 731 1289 795 lae-

192 830 397 903 contonam
410 819 582 905 moereant,
594 832 652 892 aut
663 828 893 903 misereantur,
904 836 962 893 aut
975 828 1092 913 punire
1103 831 1218 913 velint,
1230 841 1291 897 aut

193 928 245 995 ad
259 932 345 993 eus¹
367 934 477 993 motus
492 928 711 1006 adducantur,
728 928 758 993 si
778 928 837 1013 qui
857 929 988 995 finitimi
1004 938 1093 1011 sunt,
1108 940 1144 997 et
1157 937 1290 1019 propin-

194 1030 261 1115 'qui
292 1030 344 1094 bis
373 1047 413 1094 ac
442 1029 563 1096 talibus
577 1077 580 1083 ,
593 1030 695 1094 animi
718 1032 1034 1115 perturbationibus.
1077 1034 1153 1101 ldd
1175 1035 1290 1121 Atque

191 1132 283 1201 illud
305 1130 487 1216 optandum
510 1138 563 1199 est
584 1134 719 1209 oratori,
733 1136 779 1198 ‘ut
801 1134 949 1219 aliquam
965 1137 1203 1220 permotionem
1220 1140 1291 1203 ani·

192 1254 330 1299 -momm
345 1254 407 1299 aua
428 1242 546 1318 sponte
566 1226 633 1320 ipsi
657 1236 795 1301 afferant
810 1238 854 1302 ad
868 1258 1005 1303 causam
1022 1238 1168 1323 judices,
1188 1242 1291 1318 adid,

193 1334 292 1421 quod
312 1324 443 1401 utilitas
465 1338 606 1403 oratoris
623 1336 717 1417 feret,
735 1339 1029 1405 accommodatam.
1075 1340 1225 1406 Facilius
1238 1353 1292 1408 est

192 1440 288 1521 enim
304 1448 488 1505 currentem
503 1444 554 1521 (ut
569 1437 676 1525 aiunt)
694 1441 841 1515 incitare,
864 1460 966 1524 quam
991 1441 1199 1508 commovere
1221 1446 1290 1511 lan-

191 1550 375 1623 guentam:
418 1542 475 1607 sin
489 1543 542 1621 tid,
567 1550 626 1607 aut
648 1562 714 1607 non
737 1544 808 1618 erit,
831 1553 891 1608 aut
911 1544 974 1608 erit
995 1546 1178 1623 obscurius,
1200 1548 1291 1613 sicut

195 1640 330 1709 medico
345 1644 507 1728 diligenti,
527 1646 721 1730 priusquam
747 1654 888 1712 conetur
908 1665 996 1729 aegro
1015 1646 1171 1712 adbibere
1186 1650 1290 1714 medi-

192 1744 322 1823 cinam,
337 1765 400 1810 non
415 1746 524 1811 solum
539 1748 676 1811 morbus
685 1746 771 1831 ejus,
784 1749 840 1813 cui
848 1748 970 1813 mederi
979 1748 1079 1827 volet,
1090 1749 1151 1813 sed
1167 1751 1290 1815 etiam3

196 1850 406 1914 consuetudo
426 1850 593 1927 valentis:
612 1858 646 1915 et
664 1858 783 1916 natura
804 1851 957 1935 corporis·
969 1851 1202 1933 cognoscenda
1216 1862 1287 1917 est:

198 1948 250 2013 sio
266 1950 417 2033 equidem
436 1971 513 2017 cum
537 1952 705 2037 aggredior
729 1954 913 2037 ancipitem
932 1973 1070 2019 causam
1085 1963 1121 2018 et
1133 1961 1292 2037 gravem4

194 2051 245 2117 ud
262 2054 394 2119 animos
404 2053 554 2139 judicum
567 2054 830 2137 pertractandos,
843 2054 932 2119 omni
942 2062 1053 2118 mente
1063 2056 1098 2119 in
1113 2074 1155 2120 ea
1169 2055 1292 2137 cogita·

197 2156 292 2220 tione
306 2176 451 2242 curaque
466 2176 590 2237 versor,
602 2164 639 2223 ut
652 2156 781 2235 odoret,
793 2176 892 2242 qnam
918 2158 1136 2239 sagacissime
1151 2157 1291 2241 possim,

199 2256 281 2341 quid
297 2256 461 2338 sentiant,¹
482 2257 563 2342 quid
579 2259 779 2337 existiment,
792 2256 873 2343 quid
882 2265 1072 2343 expectent,
1090 2258 1168 2344 qnid
1180 2259 1291 2335 velint,

197 2380 270 2443 qno
284 2359 403 2425 deduci
418 2362 566 2427 oratione
575 2360 734 2427 facillime
749 2380 855 2445 posse
872 2362 1057 2427 videantur.
1101 2356 1178 2426 187.
1200 2360 1238 2426 Si
1253 2382 1290 2427 se

196 2463 293 2542 dant,
317 2471 359 2542 et,
382 2477 420 2530 ut
439 2473 514 2529 ante
534 2465 620 2540 dixi,
640 2485 703 2530 sua
718 2468 865 2548 sponte,⁵
887 2485 954 2549 qno
968 2465 1181 2550 impellimus,
1194 2465 1291 2531 incli-

199 2575 281 2632 nant
295 2575 397 2652 atque
411 2567 635 2653 propendent3
657 2569 791 2651 accipio
807 2568 898 2653 quod
914 2568 1024 2648 datur,
1038 2576 1072 2633 et
1087 2567 1130 2634 ad
1144 2567 1191 2648 id,
1206 2566 1292 2632 unde

202 2669 326 2753 aliquis
342 2671 438 2738 flatus
457 2669 655 2747 ostenditur,
672 2671 745 2737 vela
762 2672 828 2737 dol
871 2670 930 2736 Sin
950 2681 1005 2736 est
1025 2670 1176 2754 integer·
1197 2670 1290 2755 quie-

195 2778 323 2864 tneque
339 2773 459 2857 judex,
481 2775 557 2857 plus
584 2779 636 2840 est
659 2776 790 2858 operis:
812 2782 892 2839 sunt
914 2775 1002 2839 enim
1024 2775 1138 2839 omnia
1151 2771 1291 2838 dicendo

201 2874 392 2954 excitanda,
416 2875 496 2940 nibil
511 2876 691 2961 adjuvante
706 2883 836 2942 natura.
878 2875 946 2942 Sed
962 2881 1087 2942 tantam
1102 2875 1171 2940 vim
1191 2874 1292 2940 habet

196 2974 259 3062 ¹illa
274 2995 350 3062 quae
366 2984 454 3043 recte
469 2997 491 3043 a
505 2979 732 3064 bonopob'ta·
753 2979 844 3045 dicta
866 2985 917 3044 est
937 2978 1146 3056 flexanima,'
1166 2975 1292 3061 atque⁶

196 3187 199 3194 ,
233 3149 244 3218 ζ
261 3141 389 3196 rimam
398 3143 452 3206 jusu
463 3146 542 3210 aliquo
559 3159 590 3194 cu
604 3149 673 3210 partu
686 3144 850 3208 perturbatum
865 3143 975 3198 uuum,
990 3157 1060 3206 quum
1074 3157 1215 3193 moure
1226 3149 1291 3194 uur-

198 3207 351 3327 aalma
359 3273 428 3323 rebus
437 3289 502 3337 eger
511 3273 639 3324 meuserit
649 3287 702 3322 eun
712 3273 810 3324 ualeret.

233 3338 242 3369 ¹
259 3338 308 3386 Eos
318 3339 396 3400 mugio
406 3340 484 3388 excito
494 3343 524 3388 ud
534 3353 572 3388 eos
582 3343 666 3394 uuus.
676 3353 720 3402 quo
730 3339 906 3400 ipriferttslur.

196 3409 200 3424 ⁸
234 3409 250 3434 ⁸
265 3403 376 3454 Nondum
386 3405 435 3454 ullu
444 3403 619 3464 perturbatione
627 3407 763 3453 commotus.

233 3473 245 3498 ¹
263 3467 349 3518 Esaia.
444 3477 461 3502 ⁸⁰
477 3469 587 3520 Flectere
596 3469 694 3518 ruimus.

237 3646 306 3697 Cau.
319 3659 394 3698 xnrv.
426 3653 438 3696 l
457 3647 501 3697 lta
516 3646 594 3697 codd.
612 3646 679 3697 Bod.
692 3645 765 3711 Mag.
784 3645 861 3696 Nori.
878 3647 964 3697 Palut.
976 3649 1001 3695 d.
1012 3651 1037 3695 b.
1049 3649 1073 3695 8.
1084 3659 1142 3694 eum
1154 3644 1214 3694 edd.
1227 3652 1292 3697 vett.

202 3711 311 3762 Mediol.
337 3711 563 3772 Venetdseeus.
589 3711 650 3764 Ald.
667 3711 740 3764 lunt·
758 3712 831 3762 Crat.
848 3712 933 3762 Streb.
954 3712 1056 3761 Victor.
1075 3709 1171 3760 Lumb-
1184 3711 1292 3760 lullum.

196 3774 296 3827 'Perre
313 3775 417 3826 Subutu.
437 3775 540 3827 Herios.
558 3777 634 3827 ΜυΙΙ.
645 3785 673 3826 et
684 3775 767 3826 orell.
784 3783 827 3826 aut
843 3781 955 3840 sumunt
970 3777 1043 3826 Man.
1054 3775 1144 3825 Lumb.
1156 3789 1199 3836 up.
1212 3775 1294 3826 Orell.

199 3841 280 3892 ‘Grnt
303 3851 331 3891 et
349 3842 436 3906 rnlgg.
458 3851 520 3892 unte
540 3841 705 3892 brucath-2
721 3842 825 3891 Seburu.
838 3843 907 3904 conj.
922 3845 965 3889 out
980 3843 1011 3890 od
1027 3841 1126 3904 aliquos.
1159 3841 1234 3894 Mox,
1245 3855 1292 3903 pro

201 3909 359 3968 adducuntur,
376 3905 446 3971 quod
464 3913 570 3956 servant
588 3907 665 3957 Cant.
681 3915 709 3955 et
725 3905 785 3956 edd.
801 3913 866 3955 vett.
882 3906 959 3957 Jnnt.
974 3907 1045 3954 Crat.
1061 3907 1133 3954 Mun.
1148 3907 1294 3955 obducuntur

198 3971 327 4026 exhibent
338 3973 415 4022 Grut.
426 3980 453 4021 et
466 3973 551 4036 vulgu.
566 3973 711 4022 &dueatur
721 3985 810 4021 omnes
822 3971 909 4020 Oxou.
919 3971 1008 4020 blood.
1021 3969 1094 4018 llurl.
1106 3975 1129 4019 1.
1138 3973 1163 4018 b.
1178 3971 1292 4020 didueuu-

195 4041 243 4100 ,tur
253 4037 309 4088 Erl.
319 4041 343 4088 i.
375 4037 456 4100 Dein,
468 4049 515 4100 pro
528 4036 751 4102 perturbationibus,
762 4035 854 4098 Stepb.
865 4034 943 4085 babet
951 4034 1189 4097 muntem-r
1203 4035 1292 4086 bamb.

200 4103 243 4152 sed
253 4107 334 4153 ee-t
352 4102 434 4152 Codd.
447 4103 544 4166 aliquot
556 4117 598 4164 ap.
611 4102 704 4152 Petro.
720 4102 746 4151 iu
756 4100 858 4165 erepat
867 4115 938 4150 causo
948 4104 973 4148 el
981 4099 1062 4160 graui,
1073 4098 1148 4162 prob.
1157 4101 1293 4151 schulz.-

199 4171 219 4238 ,⁵-
235 4165 324 4218 Lemb·
339 4167 511 4232 adsumente.
546 4165 681 4226 Actutum,
694 4167 718 4216 si
731 4181 778 4231 quo
787 4165 928 4230 steph-d
945 4164 1076 4214 Particula
1090 4171 1160 4230 atque
1174 4165 1249 4217 deest
1265 4166 1292 4217 in

695 4271 803 4323 NO'l'AE

420 4361 502 4418 ¹Quid
511 4361 627 4429 smtiuat]
642 4360 715 4412 ldrm
728 4361 808 4413 tradit
818 4359 926 4412 Aristot.
937 4360 1012 4412 llbet.
1024 4360 1041 4410 l.
1052 4373 1083 4412 rr.
