3184 4925
401 412 449 459 us
472 412 609 461 cusnrs
634 412 890 475 osuronrsus,
915 414 997 461 cur.
1019 398 1074 463 76.
1182 370 1284 467 *taso

182 578 295 638 arum3
317 556 416 621 valde
432 556 579 640 quidem,
593 558 743 641 inquam,
760 557 972 641 probandus:
994 557 1078 621 nudi
1090 557 1177 624 euim
1192 566 1281 638 sunt,

181 660 276 733 recti,
291 665 324 723 et
340 658 498 733 venusti,¹¹
511 659 601 723 omni
616 667 734 723 ornatu
749 660 920 735 orationis,
934 666 1092 745 tanquam
1107 666 1212 741 veste,
1225 661 1282 725 de·

181 766 328 829 tractoz⁵
349 762 411 826 sed
427 763 507 827 dum
528 764 637 828 voluit
659 763 746 827 alios
769 765 893 829 habere
916 772 1044 846 parata,
1066 764 1154 828 unde
1175 784 1283 829 sume·

181 873 268 941 rent,
282 866 340 949 qni
354 866 474 929 vellent
488 866 632 932 scribere
648 866 838 941 historiam
859 866 983 947 ineptis
998 873 1126 948 gratum
1136 866 1285 933 fortasse

182 967 275 1045 fecit,
289 968 347 1050 qui
369 965 503 1033 voleut⁶
523 968 582 1032 illa
595 968 821 1033 calamistris²
839 970 1004 1049 inurere3t
1027 988 1131 1033 sanos
1146 968 1284 1051 quidam

181 1072 335 1136 homiues
355 1091 376 1136 a
395 1070 571 1139 scribendo
593 1072 756 1137 deterruit.
803 1071 899 1136 Nihil
917 1072 1008 1136 eninr
1026 1080 1078 1137 est
1097 1073 1131 1136 iu
1146 1072 1285 1137 historia

182 1195 270 1259 pura
281 1183 316 1238 et
329 1174 449 1239 illustri
464 1174 626 1239 brevitate
641 1174 782 1240 dulcius.
820 1173 889 1237 Sed
903 1174 947 1238 ad
962 1194 1032 1253 eos,
1043 1175 1074 1239 si
1090 1174 1213 1257 placet,
1223 1177 1284 1258 qui

183 1278 271 1343 vicar
286 1283 511 1352 excesserunt,
527 1284 736 1343 revertamur.

230 1395 368 1443 nxxvr.
390 1380 467 1443 263.
489 1380 529 1444 G.
543 1380 715 1445 Sicinius·
737 1380 850 1462 igitur,
871 1378 917 1459 Q.
931 1379 1085 1463 Pompeii
1107 1378 1212 1457 illius,
1225 1378 1285 1464 qui

185 1500 302 1547 censor
322 1479 412 1557 suit,l
432 1502 474 1547 ex
496 1482 567 1547 filia
586 1502 704 1567 nepos,
719 1483 924 1566 quaestorius
938 1490 1089 1546 mortuus
1103 1480 1190 1559 est!
1209 1501 1284 1565 pro-

183 1585 308 1650 babilis
325 1592 455 1651 oratur:
475 1586 545 1669 jam
561 1604 641 1651 vero
656 1587 776 1650 etiam¹
792 1586 965 1668 probatus,
982 1604 1027 1648 ex
1046 1584 1110 1649 hac
1124 1584 1219 1668 inopi
1240 1584 1286 1649 nd

185 1688 379 1766 ornandum,
396 1688 456 1752 sed
472 1688 516 1753 ad
531 1687 763 1753 inveniendum
777 1688 939 1771 expedita
954 1686 1197 1769 Hermagorse⁰
1217 1686 1286 1751 dis·

185 1790 312 1873 ciplinn
325 1802 355 1852 τ’
380 1810 424 1856 ea
438 1791 495 1856 dat
507 1792 657 1857 rationes
671 1800 780 1858 certas
796 1800 831 1855 et
846 1795 1016 1875 praecepta
1030 1789 1181 1855 dicendi:
1207 1808 1284 1873 quse

186 1892 238 1957 si²
258 1893 417 1958 minorem
439 1894 562 1959 hubent
581 1902 791 1977 apparatum,
805 1893 899 1980 (sunt
912 1893 999 1957 enim
1014 1889 1159 1974 exitiost)
1173 1899 1286 1957 tamen

185 1994 308 2060 habent
323 1997 483 2072 ordinem,
495 2004 528 2061 et
540 1996 704 2080 quasdam
719 2016 827 2063 errare
840 1998 874 2061 iu
889 1994 1033 2060 diceudo
1044 2014 1108 2059 non
1122 1995 1285 2077 patientes

186 2097 284 2161 vias.¹'
328 2099 405 2163 Has
427 2100 485 2163 ille
500 2106 625 2174 tenens,
642 2105 676 2164 et
695 2098 891 2183 paratusne]
909 2118 1032 2163 causas
1048 2097 1199 2193 veniens,
1215 2116 1285 2160 ver·

187 2200 302 2265 burum
331 2222 396 2265 nun
422 2222 442 2266 e
465 2222 537 2277 eus,
569 2204 643 2286 ipsa
667 2202 727 2266 ille
748 2202 1019 2285 comparationej
1041 2199 1287 2283 disciplinaque

188 2303 322 2368 dicendi
344 2305 416 2388 jam
440 2222 477 2369 iu
503 2314 718 2387 patronorum
746 2323 919 2368 numerum
947 2308 1157 2386 pervenerat.
1209 2300 1286 2366 264.

187 2402 271 2472 Erat
289 2407 391 2472 etiam
413 2407 463 2471 vir
478 2406 597 2472 doctus
611 2406 761 2491 inprimis
775 2406 815 2473 C.
829 2404 997 2471 Visellius
1009 2401 1144 2480 Varro,‘¹
1166 2421 1287 2469 conso·

221 2569 234 2604 ‘i
251 2572 378 2636 Simplices
387 2590 429 2624 ree
434 2575 524 2636 secuti.

221 2647 231 2670 ‘
249 2639 298 2693 Qui
307 2641 387 2690 solunt
399 2640 440 2688 iilo
452 2647 538 2691 oeruts
550 2642 670 2692 molestius
678 2641 793 2692 mesello
804 2639 919 2703 expolire.

216 2701 233 2744 s
248 2705 490 2763 Quaeetsrnssnctsrs.

219 2775 233 2810 ⁸
250 2769 358 2818 Dederat
376 2785 469 2832 operose
489 2771 653 2832 Hermagora,
664 2770 730 2832 cajus
746 2769 909 2819 isstitstioses
918 2766 1010 2831 jejm
1025 2770 1081 2815 esui
1097 2766 1129 2815 od
1149 2767 1289 2822 madens,

186 2838 287 2896 promta
297 2840 321 2883 et
326 2835 413 2900 fusiles
424 2837 455 2883 orl
471 2835 642 2884 inemiesdurss.
770 2833 783 2867 ¹¹
803 2835 900 2884 Tenuis.

222 2895 229 2930 ¹
247 2899 281 2946 Et
293 2900 564 2964 prosdom'metlrodusu
575 2916 643 2963 quarn
654 2899 694 2962 psi
706 2903 779 2957 terret,
789 2900 817 2947 s's
825 2899 923 2947 dicendo
934 2909 981 2944 sos
991 2900 1065 2944 mot.

221 2961 233 3004 θ’
247 2963 293 3012 ltin
298 2963 418 3024 socsttote
428 2979 497 3028 psum
507 2966 554 3014 sibi
564 2981 595 3014 es
603 2965 729 3028 preceptis
740 2964 896 3025 Hermum
906 2965 1093 3024 comporsoerst.

648 3081 832 3104 ,ΟΜΝ

190 3173 241 3207 coss
253 3165 277 3208 et
286 3174 422 3220 ‘mosum
437 3161 526 3210 Lernb.
539 3175 553 3210 e
566 3163 674 3211 streton.
687 3162 754 3212 Cres.
765 3161 921 3223 esp-55.-5
937 3153 997 3203 ‘lta
1009 3152 1099 3202 urob.
1116 3150 1162 3201 serl
1174 3151 1251 3201 codol.
1261 3156 1289 3202 et

191 3223 252 3273 edd.
263 3233 462 3274 rerumrerum
476 3233 581 3277 tuentur
590 3229 703 3276 detractu.
734 3225 764 3274 ld
777 3222 895 3273 defendit
905 3220 963 3272 Jsc·
972 3219 1044 3269 Frirl.
1053 3217 1210 3280 Heusinger.
1220 3226 1289 3268 teste

190 3289 245 3338 tilio
256 3289 281 3337 in
294 3289 366 3354 pref.
378 3292 409 3339 sd
423 3293 478 3340 Cic.
489 3289 542 3340 Off.
558 3307 582 3356 p.
593 3296 634 3342 eu.
653 3293 714 3341 itero
726 3290 768 3342 Jo.
785 3289 866 3340 Miris.
885 3285 1041 3347 Heusinger.
1054 3285 1085 3332 nd
1099 3283 1171 3345 Nep.
1187 3295 1218 3330 rr.
1229 3287 1254 3332 7.
1264 3289 1289 3332 t.

191 3363 217 3402 et
229 3354 400 3416 Oudendorp.
412 3355 445 3404 ad
458 3356 565 3406 Sueten.
578 3357 636 3408 dul.
645 3372 668 3406 e.
680 3361 720 3406 56.
736 3355 828 3421 qrsibus
845 3366 926 3416 nuper
938 3349 1049 3398 secessit
1061 3346 1168 3397 Wolfius
1180 3348 1214 3396 sd
1226 3361 1288 3397 eon·

191 3417 250 3468 dem
268 3420 383 3469 Suetonii
401 3421 503 3469 lorum-⁸
519 3419 666 3471 &torn-o
690 3421 732 3470 lts
751 3422 809 3470 ltiv.
829 3417 920 3468 Lsnrb.
938 3415 1042 3464 Solunte.
1062 3422 1089 3463 et
1109 3411 1192 3462 Orell.
1208 3414 1290 3463 scissi

192 3484 256 3534 Nor.
271 3485 330 3534 Aru.
342 3485 416 3536 Just.
428 3487 501 3539 Crat.
511 3487 613 3538 Manui.
626 3487 751 3536 Grut-'l
770 3485 861 3534 Lauri).
879 3481 961 3537 seito,
972 3495 1004 3528 ex
1017 3493 1062 3528 usu
1073 3478 1199 3527 Tullisno.
1274 3541 1282 3552 ι

225 3551 294 3602 Cer.
305 3563 404 3600 uxxvr.
440 3557 451 3602 t
470 3551 561 3602 Lsrnlr.
574 3551 644 3601 immo
655 3567 709 3602 cero
720 3550 856 3601 stirme-2
876 3547 942 3599 cod.
953 3545 1022 3596 Birii
1035 3553 1062 3593 et
1075 3543 1164 3592 Lomb.
1174 3557 1226 3608 psa
1236 3545 1290 3592 etse.

687 3679 794 3732 NOTAE

223 3770 416 3836 reuerteris]
443 3771 637 3822 ‘Calamister'
666 3771 720 3820 sire
761 3763 1146 3819 cessentecnrterumrst.

190 3846 400 3896 ‘calamistrum'
421 3850 526 3911 proprie
537 3862 600 3898 scus
610 3855 659 3908 est,
670 3862 722 3912 qne
767 3873 770 3880 =
792 3854 804 3880 ⁶
822 3839 992 3905 Hmorae]
1009 3837 1079 3888 Vide
1096 3838 1143 3888 lib·
1157 3851 1178 3886 ¹·
1193 3834 1227 3886 (¹0
1245 3836 1290 3886 1³·

193 3923 320 3974 esleisets
329 3927 477 3987 crispentur
486 3925 574 3988 cepilli
587 3925 612 3973 in
624 3925 720 3973 cinciu—
762 3928 833 3971 vent.
845 3923 860 3985 p
873 3924 896 3969 8.

192 4015 239 4052 uos
253 4003 407 4065 compositi:
421 4003 595 4066 metaphorice
606 4009 646 4052 est
657 4002 721 4051 ssci-
793 3998 807 4033 ¹¹
825 4001 854 4050 C.
870 3995 982 4048 Viselliss
994 3990 1083 4054 Verre]
1100 3990 1186 4040 Natus
1194 4003 1226 4040 ex
1236 4003 1290 4043 snt·

195 4079 271 4128 tieins
283 4080 405 4128 cretionis
414 4086 527 4128 orestus.
762 4085 862 4128 tortere
872 4072 1017 4132 ciceronis,
1033 4083 1093 4135 quse
1104 4067 1136 4116 0.
1150 4066 1292 4131 Aculeonis

225 4161 237 4188 ¹
254 4155 284 4204 C.
295 4155 413 4218 dionius]
437 4156 559 4208 ereestor
568 4168 633 4206 enno
645 4155 678 4206 U.
688 4154 719 4205 0·
761 4171 827 4206 uror
837 4165 904 4215 eret,
923 4157 1078 4216 questurus
1093 4145 1213 4202 exerente
1223 4159 1291 4196 snuo

193 4235 251 4282 ult.
263 4242 323 4281 ante
336 4232 464 4282 Christum
477 4237 518 4282 77.
761 4236 794 4285 U.
806 4234 836 4284 c.
848 4234 906 4282 777.
915 4235 976 4278 ente
987 4225 1117 4276 Christum
1128 4224 1169 4272 77.

227 4309 238 4344 ¹³
258 4310 307 4367 st'
317 4309 467 4374 cessorssit]
475 4311 551 4364 Auno
559 4312 678 4364 nimirum
688 4312 722 4362 U.
