3184 4925
304 379 389 447 luet
696 396 734 444 u.
757 394 791 443 r.
816 392 1019 442 ctnsaours

305 539 473 603 crimina.t
518 554 639 602 cxxv.
654 538 750 601 'Tum
776 536 817 601 C.
843 535 983 614 Rusius,
1007 535 1331 617 ‘Circumvenioa’f
1351 538 1407 599 in-

305 642 388 725 quit,
411 644 420 675 ‘
431 640 578 725 judices,
600 640 666 705 nisi
682 640 881 707 subvenitis.
925 638 1080 716 Sisenna,
1102 638 1182 722 quid
1206 638 1322 702 dinas¹
1343 658 1404 700 ue-

306 744 397 809 scio:
419 754 527 809 metuo
542 742 698 807 insidias:
715 742 917 826 sputatilica,
933 739 1014 823 qnid
1028 748 1081 805 est
1094 742 1182 805 boet
1197 749 1301 823 sputa
1315 740 1402 826 quid

303 848 348 911 sit
363 846 447 924 scio,
459 847 555 911 tilica
567 843 704 910 nescio.’
750 842 891 908 Maximi
907 845 1013 909 risus:
1037 844 1096 909 sed
1108 844 1164 908 itte
1180 850 1291 909 tamen
1303 844 1401 908 fami-

305 948 399 1013 liaris
411 962 522 1013 meus·
538 955 625 1013 recte
640 948 733 1031 loqui
749 948 887 1030 putabat
903 966 992 1025 esse,
1005 947 1160 1011 inusitate
1173 945 1279 1029 loqui.
1325 946 1403 1010 aot.

304 1050 420 1117 Cacsar
435 1058 542 1116 autem
559 1051 722 1115 rationem
745 1048 930 1122 adhibens,⁸
952 1047 1226 1113 consuetudinem
1242 1047 1406 1112 vitiosam

303 1161 338 1220 et
353 1163 556 1238 corruptam,
573 1173 656 1237 pura
677 1160 710 1217 et
730 1152 922 1235 incorrupta
946 1150 1210 1215 consuetudine²
1235 1150 1406 1214 emendat.

304 1256 426 1340 Itaque
438 1276 517 1319 cum
533 1257 575 1320 ad
591 1256 678 1320 banc
693 1254 892 1336 elegantiam
905 1253 1079 1317 verborum
1092 1253 1286 1317 Latinorum
1295 1256 1408 1335 (quas,

304 1360 436 1423 etiamsi
451 1365 562 1422 orator
577 1376 641 1421 non
656 1358 717 1435 sis,
731 1364 782 1422 et¹
805 1357 853 1420 sis
870 1357 1030 1437 ingenuus
1044 1355 1130 1419 ciris
1147 1355 1336 1431 Romanus,
1353 1361 1406 1417 ta-

252 1522 254 1525 .
304 1480 381 1525 men
407 1462 598 1525 necessaria
622 1464 686 1538 est)
709 1459 861 1543 adjungit
884 1460 942 1523 ilia
964 1460 1112 1524 oratoria
1134 1465 1329 1523 ornamenta
1351 1456 1407 1520 di-

306 1562 421 1643 cendi3
443 1570 514 1626 tum
530 1564 661 1627 videtur
676 1571 836 1645 tanquam
853 1561 986 1627 tabulas
1002 1562 1086 1625 bene
1102 1562 1216 1645 pictas
1231 1560 1408 1624 collocare

304 1666 441 1730 inbono
463 1667 603 1731 lumine:
626 1666 711 1730 hauc
733 1684 810 1730 cum
834 1665 956 1729 babeat
981 1666 1186 1747 praecipuam
1212 1661 1347 1728 laudem
1370 1664 1407 1725 in

305 1770 547 1847 communibus,
556 1789 622 1833 non
637 1768 736 1833 video
752 1770 808 1833 oui
823 1768 946 1832 debeat
960 1767 1095 1831 cedere:
1118 1766 1172 1850 [p.
1183 1763 1274 1847 lea]
1290 1765 1407 1849 splen-

306 1871 418 1936 didam
444 1871 622 1955 qnaudam,
652 1872 849 1954 minimeque
878 1870 1132 1935 veteratoriam⁰
1161 1869 1325 1933 rationem
1355 1867 1407 1933 di·

307 1974 403 2037 oendi
419 1981 517 2053 tenet,
535 1982 749 2052 redamatu,
771 1974 877 2057 forma
892 1974 994 2037 etiam
1017 1972 1193 2053 magnifica
1210 1979 1243 2034 et
1264 1990 1407 2052 genero·

307 2078 369 2139 εει*
394 2076 653 2160 quodammodo.
696 2076 770 2140 262.
794 2075 882 2139 Tum
907 2076 1042 2150 Brutus,
1068 2073 1245 2149 Orationes
1267 2073 1407 2158 quidem

306 2178 379 2259 ejus
405 2178 483 2242 mibi
509 2178 716 2243 vehementer
747 2181 937 2261 probantur,
967 2177 1158 2259 cumplures
1188 2184 1296 2241 autem
1327 2177 1404 2256 tegi.

306 2280 418 2364 Atque
441 2283 538 2346 etiam
563 2284 840 2347 commentariosy
865 2280 1032 2365 quosdam
1056 2278 1193 2362 scripsit
1217 2298 1324 2342 rernm
1348 2298 1407 2343 sn-

341 2473 353 2507 t
373 2465 443 2514 Rssis'
451 2466 551 2515 crimino
561 2469 666 2518 obseoenu
676 2472 700 2518 st
709 2475 778 2534 sputo
788 2469 871 2528 digus.

341 2537 353 2564 ⁸
369 2531 484 2593 Decipior
494 2531 524 2579 nb
535 2534 677 2589 aduersario,
685 2537 727 2597 pst
738 2534 796 2583 atti
806 2533 880 2582 struit
890 2531 999 2581 iusidias.

340 2603 353 2626 ⁰
370 2595 649 2647 Sissssusruirssmeus.
761 2597 1034 2659 tuemnoregnua.
1166 2602 1177 2626 θ
1194 2594 1320 2644 Callidu-

344 2814 412 2864 Ctt’.
430 2827 517 2864 mv.
551 2820 563 2863 1
581 2814 682 2866 Sisenes
693 2818 750 2880 qaid
759 2817 825 2865 dicut
842 2829 906 2865 unm
918 2817 1006 2866 Oxou.
1017 2821 1046 2862 et
1058 2813 1121 2862 Nor.
1133 2821 1160 2862 et
1172 2814 1209 2864 sic
1220 2816 1289 2879 conj.
1301 2817 1410 2866 Ernesti

314 2879 441 2941 probante
452 2889 479 2930 st
491 2880 633 2942 recipiente
643 2881 724 2932 Orett.
742 2881 842 2932 Sisenna
853 2883 913 2944 qaod
923 2881 990 2928 dicus
1008 2879 1068 2929 did.
1082 2881 1157 2931 Junt.
1170 2881 1258 2929 bamb.
1269 2882 1412 2930 Subura-

312 2946 451 3012 2‘Vuigo
473 2947 655 3005 consuetudinum·
678 2947 744 3010 quod
768 2963 826 2996 cum
850 2948 891 2996 bic
911 2945 1010 2994 nonsit
1028 2955 1127 3007 aptum,
1149 2950 1253 3007 reposui
1272 2946 1411 2996 tocstiosa’

312 3009 419 3060 Sebuts·
452 3013 460 3041 ‘
472 3011 524 3060 Sed
538 3013 681 3060 rectissime
693 3013 795 3074 Cicero,
807 3013 851 3076 qui
871 3013 907 3059 uit
924 3011 1027 3066 motitur
1039 3011 1138 3072 inepte,
1150 3025 1206 3060 rsc.
1216 3015 1358 3061 museum
1369 3014 1412 3061 sic

312 3077 443 3138 repetivit.
477 3077 623 3140 Utrumque
634 3078 736 3126 scilicet
746 3087 773 3126 st
785 3085 936 3138 corruptum
953 3083 981 3124 et
997 3077 1181 3139 incorruptum
1191 3086 1247 3126 erat
1260 3078 1285 3124 in
1297 3090 1412 3125 consuc-

312 3142 402 3190 tudins
413 3144 468 3191 sire
480 3157 525 3189 usn
539 3141 667 3203 toquendt.
679 3142 878 3203 oppidanorum,
889 3141 1057 3202 trebanorum,
1065 3143 1238 3198 Staleuomm,
1250 3141 1412 3197 Muciorum,

311 3206 357 3256 sed
370 3221 461 3280 purum
473 3207 560 3256 Cesar
571 3207 721 3267 detinebat?
730 3209 856 3256 orest-³
869 3207 973 3255 Ernesti
985 3206 1052 3267 conj.
1063 3213 1098 3261 st,
1108 3209 1148 3255 ret
1159 3210 1257 3255 ssd-4
1274 3206 1316 3262 Its
1328 3207 1411 3256 codd.

313 3286 371 3321 cum
383 3273 443 3322 edd.
455 3272 514 3322 stu.
523 3272 598 3324 dunt.
610 3274 683 3322 Crat.
696 3273 799 3324 bisunt.
812 3271 889 3322 Grnt.
901 3272 1002 3321 Scbuts.
1022 3280 1050 3320 st
1068 3272 1152 3322 Oreit.
1167 3271 1251 3330 som
1261 3276 1285 3320 et
1295 3271 1412 3336 arguist-

809 3383 915 3434 NOTAE
1023 3419 1028 3426 ·

345 3497 356 3553 t
375 3487 571 3551 Commentarios]
584 3489 839 3554 DequibnssicHir·
880 3503 925 3538 ore
949 3502 1058 3539 censura
1075 3488 1191 3538 nonnulli
1213 3489 1413 3554 perstringunt:

316 3565 367 3614 tius
380 3567 404 3614 in
418 3564 570 3627 praefatione
582 3565 740 3614 tiberiade
752 3565 839 3614 Caess-
880 3565 989 3614 ‘Pollio
1015 3562 1121 3614 Asinius
1147 3579 1236 3628 perum
1261 3567 1412 3630 diiigenter,

315 3642 350 3692 ris
369 3641 437 3691 betto
456 3641 569 3692 Gallicos
591 3641 681 3691 ‘Adeo
698 3641 841 3704 probantur
883 3656 1023 3705 parumque
1041 3641 1144 3705 integra
1156 3642 1273 3698 veritate,
1284 3645 1415 3706 composi·

315 3719 428 3767 omnium
446 3717 556 3780 judicio,
578 3725 606 3765 ut
629 3726 768 3780 praerepts,
787 3731 841 3766 non
883 3725 922 3767 tns
945 3724 1034 3782 putat:
1055 3733 1114 3768 cunt
1134 3719 1222 3768 Cnssr
1240 3721 1366 3784 plersqus
1382 3728 1415 3771 st

317 3796 436 3858 praebita,
451 3794 561 3846 fartrttss
573 3795 741 3858 scriptoribus
755 3795 841 3844 sides·
884 3808 941 3857 qua
965 3807 1012 3857 per
1033 3794 1097 3843 alios
1116 3802 1189 3843 erant
1208 3804 1292 3858 gesta,
1312 3803 1414 3848 temere

316 3882 367 3922 tur.
399 3873 479 3935 Cujus
494 3879 578 3920 tumen
598 3871 635 3920 rei
649 3873 728 3934 msjor
745 3881 843 3929 nostra,
883 3872 1040 3932 crediderim
1057 3879 1085 3920 et
1103 3888 1159 3935 qrtss
1174 3887 1221 3934 per
1240 3888 1277 3929 ss,
1289 3874 1330 3922 vet
1349 3889 1413 3924 eors-

315 3962 391 4018 quem
404 3949 559 4012 reliquorum
572 3954 611 3996 est
621 3948 766 4004 admiratio.
793 3948 843 3999 Ce-
883 3949 960 4010 salto,
989 3949 1029 3997 vel
1056 3949 1134 3998 etism
1163 3951 1287 4000 memoris
1311 3951 1413 4014 lapsus,

317 4026 367 4074 teri
388 4025 454 4074 euim
473 4039 547 4086 utram
570 4023 635 4072 bene
657 4034 735 4089 stqns
757 4037 843 4074 smeu·
885 4038 1021 4088 perperam
1031 4024 1158 4073 ediderit:
1175 4027 1360 4091 existimatque
1371 4043 1414 4077 rs-

316 4101 386 4163 date,
407 4115 454 4149 nos
474 4101 552 4149 etiam
574 4114 650 4165 qnam
672 4099 748 4148 tacite
768 4109 844 4163 stque
885 4103 1041 4165 scripturum
1069 4109 1096 4149 st
1116 4112 1291 4176 correcturum
1314 4101 1415 4156 titisse?

318 4178 438 4226 ceteriter
448 4191 492 4226 eos
519 4177 709 4239 perscripserit,
731 4175 844 4225 scimus?
885 4178 1023 4228 Suetonius
1035 4179 1060 4226 in
1072 4176 1144 4228 Jutto
1155 4179 1258 4228 Caesare
1269 4194 1327 4244 csp.
1336 4186 1380 4234 56.

318 4251 431 4302 Eosdem
452 4259 537 4302 tamen
558 4252 755 4304 commentarios
776 4253 842 4302 acri·
