3184 4925
410 440 458 489 un
481 439 617 488 onrnrs
641 438 899 500 curreremus,-
923 440 1004 491 crr.
1027 426 1081 492 91.
1205 428 1292 495 lure

193 593 251 651 eut
266 586 482 669 crepundiis*
495 586 554 651 sed
567 606 707 672 corpore
722 588 824 663 omni,
841 586 966 652 videris
978 586 1065 653 velie
1080 606 1291 671 cognoscere,

192 688 396 773 complectet
410 689 571 754 nonnulle
584 690 698 767 etiem,
722 709 801 773 qum
823 690 969 755 sonasse
989 689 1168 755 videantur
1181 692 1291 757 minue

191 791 393 855 necessaria.
438 790 517 856 Erat
542 810 584 856 eo
605 801 758 875 tempore
777 794 811 856 in
834 793 934 857 nobis
955 813 1086 857 summa
1099 793 1293 876 gracilittrs'

194 900 229 958 et
244 894 417 959 infirmitas
432 894 608 977 corporie;
631 914 805 977 procerum
828 902 864 959 et
880 902 977 959 tenne
993 896 1139 976 collum3
1161 895 1219 978 qni
1234 894 1292 959 ba·

190 994 283 1061 bitus
311 1004 349 1061 et
377 1017 455 1081 qum
483 996 589 1080 figura
618 1004 686 1064 non
710 998 830 1081 procui
856 999 979 1063 abesse
1002 1007 1142 1083 putetur
1166 1017 1188 1062 a
1210 999 1292 1063 vitre

191 1099 354 1182 periculo,
385 1101 414 1163 ri
441 1099 596 1165 accedit¹
619 1101 714 1166 leber
737 1109 772 1166 et
797 1101 938 1165 laterum
964 1120 1085 1185 mogun
1110 1100 1293 1167 contentio.

192 1200 308 1285 quue
333 1205 440 1285 magis
463 1202 529 1268 boc
550 1223 623 1277 eos,
646 1203 888 1287 quibus'erem
914 1223 1024 1281 cerus,
1046 1204 1291 1279 commovebat,

192 1303 282 1391 quod
298 1284 409 1371 omn'ie
425 1305 498 1371 sine
511 1306 719 1383 remissione,
731 1308 803 1371 sine
815 1309 989 1383 verietate,
1000 1308 1034 1371 vi
1046 1327 1175 1373 summa
1185 1306 1292 1377 vocis,

192 1413 226 1470 et
249 1407 354 1471 totins
376 1407 527 1491 corperis
543 1408 756 1473 contentione
770 1409 934 1475 dicebam.
980 1409 1055 1474 314.
1078 1408 1199 1493 Itaque
1214 1427 1291 1475 cum

190 1529 243 1575 me
257 1518 290 1577 et
306 1510 407 1575 amici
421 1516 455 1576 et
469 1510 590 1575 medici
605 1511 827 1589 hortarentur,
842 1525 881 1579 ut
895 1533 1019 1579 censes
1029 1502 1130 1595 rigere
1147 1511 1292 1583 desistee

191 1632 280 1689 rem;
302 1614 447 1698 quodvis
469 1614 585 1698 potius
608 1616 794 1698 periculum
813 1614 894 1680 mibi
918 1615 1122 1691 adeundum,
1145 1633 1248 1696 quam
1271 1634 1293 1679 e

191 1726 326 1800 sperate
356 1715 490 1803 dicendi
520 1716 629 1798 glorio
659 1717 917 1793 discedendnm²
940 1720 1072 1803 putavi.
1116 1715 1186 1781 Sed
1215 1735 1294 1782 cnm

192 1830 374 1895 censerem,
398 1819 596 1885 remissione
617 1828 653 1885 et
669 1820 898 1887 moderatione
917 1822 1025 1899 vocis,
1039 1826 1074 1886 et
1086 1824 1293 1885 commutato

194 1941 310 2003 genere
332 1922 478 1998 dicendi,
497 1942 548 1987 me
572 1932 607 1989 et
630 1924 817 2006 pericnlum
833 1924 940 1989 vitare
954 1943 1066 2007 posse,
1082 1930 1116 1988 et
1129 1929 1293 2005 tempere·

192 2026 259 2091 tius
273 2025 406 2106 dicere;
429 2034 468 2091 nt
482 2026 756 2091 consuetudinem
778 2025 910 2091 dicendi
931 2034 1106 2102 meterem,
1122 2044 1171 2088 en·
1188 2042 1293 2089 causa

192 2128 298 2193 mihi*
328 2132 364 2194 in
392 2129 511 2194 Asiam
541 2128 778 2212 proficiscendi
808 2130 880 2196 init.
926 2129 1048 2214 Itaque
1077 2148 1152 2192 com
1180 2146 1292 2191 essem

193 2233 363 2297 biennium
389 2240 541 2297 versatus
572 2234 607 2297 in
636 2235 761 2309 censis,
786 2240 821 2298 et
837 2234 912 2317 jem
933 2236 970 2297 in
991 2233 1065 2297 foro
1088 2232 1291 2296 celebratum
1352 2265 1356 2273 ·

192 2356 302 2401 meum
324 2356 447 2403 nornen
466 2344 568 2410 esset,
586 2334 698 2401 Rome
720 2322 792 2401 st'rm
813 2339 994 2419 proiectus.
1037 2335 1113 2399 315.
1137 2332 1222 2399 Cum
1238 2351 1291 2397 ve·

192 2439 314 2504 uissem
332 2438 495 2514 Athenas,
517 2458 581 2505 sex
597 2458 728 2504 menses
744 2459 821 2505 cum
838 2438 1035 2518 Antioche·
1048 2438 1179 2502 veteris
1203 2434 1292 2500 Ace·
1349 2463 1353 2467 ’

192 2541 311 2607 demite
331 2543 543 2608 nobilissimo
565 2547 599 2608 et
619 2541 884 2626 prudentissimo
897 2540 1112 2627 philosopho,
1126 2540 1196 2612 fuir
1220 2544 1292 2602 stu-

192 2643 353 2729 diumque
377 2645 601 2731 philosopbioe
624 2666 795 2729 nunquam
819 2647 1060 2717 intermissum,
1074 2663 1096 2708 e
1117 2643 1292 2726 primaque

192 2747 423 2812 adolescentia
438 2749 573 2823 cultum,
587 2757 623 2812 et
638 2769 770 2832 semper
782 2755 943 2826 auctum,³
958 2747 1023 2811 hoc
1036 2764 1149 2811 rursus
1160 2762 1291 2808 summo

193 2857 329 2914 auctore
344 2853 377 2914 et
392 2849 527 2914 doctore
542 2851 716 2914 renovavi.
749 2851 878 2914 Eodem
893 2859 1005 2915 temen
1019 2858 1170 2934 tempore
1187 2846 1291 2911 Athe-

191 2949 244 3014 nis
273 2950 365 3034 opud
394 2949 595 3016 Demetrium
619 2950 768 3035 Syrum,⁴
788 2959 935 3018 veterem
961 2958 995 3016 et
1017 2971 1085 3015 oon
1110 2949 1292 3032 ignobilem

223 3119 235 3152 ⁹
254 3110 327 3160 renui
342 3110 422 3174 utrque
438 3113 508 3173 pomo
517 3114 541 3159 et
550 3109 681 3174 premittur
691 3109 794 3160 indiciis.
909 3118 920 3143 r
938 3109 1051 3173 Corporis
1061 3107 1155 3158 babitus
1165 3107 1260 3158 exilior.

644 3231 749 3252 ΟΟΝΜ
752 3231 828 3251 Μ

224 3305 293 3354 Cur.
312 3317 368 3354 xcr.
387 3310 414 3353 Ι1
434 3305 537 3354 Emetti
552 3306 622 3368 conj.
633 3309 747 3366 omrdmf
764 3315 792 3357 et
812 3307 851 3356 rie
866 3304 1013 3365 mrruoed.
1024 3305 1148 3354 lide-2
1163 3301 1254 3352 neor.
1267 3308 1291 3352 1.

190 3371 344 3428 dmum
361 3371 465 3419 Ernerti
486 3371 554 3434 conj.
570 3371 803 3422 deremendum-⁸
820 3373 893 3422 Unus
914 3371 1002 3420 Oxou.
1019 3371 1158 3418 σόαι-4
1175 3367 1294 3434 ‘Syrien

191 3450 281 3500 mergo
293 3434 416 3485 edicit·
448 3435 635 3499 Probabiilter,
646 3445 675 3488 nt
692 3437 880 3502 ‘Pherecydet
892 3435 1001 3502 syrice?
1033 3434 1102 3485 Noto
1112 3434 1192 3499 syros
1202 3435 1292 3484 rhetor

688 3567 795 3616 NOTAE

191 3671 247 3716 teu,
263 3656 305 3705 vei
325 3671 358 3706 ex
379 3655 528 3720 crepundiis
548 3653 721 3718 inientiitbnt,
761 3654 947 3707 bemnrtidetn.

191 3733 328 3783 monitibus
346 3733 478 3794 videlicet,
495 3735 543 3784 ee.
566 3732 721 3786 Aristoteles
792 3730 949 3794 ⁸Atttiocito]
977 3730 1138 3787 Atesiooitr,
1154 3730 1230 3795 eujot
1251 3727 1291 3777 di·

191 3811 240 3860 tre.
251 3809 373 3860 Podticer
384 3825 443 3874 cap.
454 3814 494 3860 ts.
760 3809 837 3859 crudi
853 3809 929 3873 copie
948 3816 975 3857 et
992 3807 1082 3870 tepore
1092 3805 1188 3855 Cicero
1204 3806 1292 3867 capte-

223 3885 235 3920 i
253 3887 371 3936 Eccum
381 3885 452 3949 milti]
469 3885 555 3936 Alirrn
567 3883 648 3934 refert
658 3885 720 3936 rtu-
760 3886 843 3940 betur,
866 3883 913 3932 sed
932 3896 990 3945 onte
1010 3881 1037 3930 in
1053 3879 1239 3943 pbiioeoptricis
1253 3880 1291 3928 io·

191 3966 296 4014 tsrcbut
305 3964 331 4014 in
340 3963 477 4028 cicerone,
487 3971 582 4014 metunt
592 3965 683 4029 Sylla,
693 3966 719 4016 in
759 3969 949 4016 obruentes
959 3958 1063 4008 minime
1074 3956 1210 4021 prebsbrt.
1227 3956 1290 4006 Pin·

192 4041 265 4104 cnjut
282 4039 404 4090 liberttrrn
420 4040 615 4104 cbryrossenum
634 4041 718 4091 serint
760 4035 1047 4088 trrcbntinciceroue.
1079 4031 1232 4094 Antinoites,
1245 4033 1290 4097 qni

191 4118 308 4168 invectus
324 4117 410 4168 foetet
429 4118 546 4168 oratione
564 4131 612 4181 nro
626 4118 719 4168 Reccio
759 4113 941 4179 eppettrbctnr
957 4108 1140 4170 Actdetnieor,
1158 4115 1216 4159 erut
1234 4109 1291 4174 qni·
1389 4099 1396 4115 ‘

191 4194 325 4246 Amerino.
361 4193 419 4244 Etsi
446 4193 588 4244 Pinttrcbo
616 4193 720 4245 videtur
760 4192 830 4254 deur,
848 4191 871 4241 ri
893 4202 1026 4254 perpauco
1048 4187 1212 4248 tentavisset,
1231 4201 1289 4251 ger·

191 4271 320 4322 Eurebint
337 4269 364 4320 iu
375 4270 504 4320 Chronico
520 4269 666 4336 tnffrrgnri,
678 4271 720 4321 Ci·
760 4270 922 4319 munierimus
939 4265 1054 4316 Stoicus.
1079 4264 1173 4316 eicere
1188 4263 1233 4316 tib·
1250 4277 1289 4316 tr.

190 4347 279 4402 neroni
291 4347 323 4398 de
335 4361 363 4398 te
374 4345 474 4398 dicenti
486 4348 608 4413 mojorem
623 4350 664 4400 bic
675 4349 718 4399 brt·
760 4343 844 4398 need.
857 4343 979 4406 Quat-t
991 4345 1048 4393 112.
