3184 4925
536 427 590 474 ns.
607 425 796 486 onnronn,
822 428 862 475 rr.
885 411 939 477 19.
1219 411 1285 477 981

184 574 322 649 locmus
338 590 415 639 esse
430 571 574 651 dieitur,3
596 570 697 639 nomo
714 570 887 655 copiosus,
909 570 1037 656 aliquot
1051 570 1154 639 horus
1167 572 1210 637 de
1223 574 1284 639 im-

185 675 350 759 peratoris
364 672 488 752 officio,
504 678 538 739 ot
550 673 594 741 de
608 674 700 739 omni
714 694 750 737 re
765 674 909 739 militari.
953 672 1053 751 Τιιω,
1067 695 1146 741 cum
1168 678 1285 755 ceteri,

185 780 247 862 qui
272 777 368 843 iilum
393 778 577 855 audierant,
597 778 808 843 vehementer
828 784 940 842 essent
963 775 1128 857 delectati,
1154 800 1287 864 quaere·

183 884 267 949 baut
283 882 327 947 ab
338 880 543 957 Hannibale,
556 882 715 966 quidnam
730 882 831 965 ipse⁴
845 881 887 945 de
901 881 964 945 iliu
975 880 1178 965 philosopho
1190 884 1284 967 judi-

186 990 290 1053 caret.
333 984 507 1051 Poenus*5
528 1004 596 1049 nun
616 986 742 1068 optime
757 984 888 1059 Graece,
910 984 971 1049 sed
991 989 1101 1047 tamen
1114 986 1219 1064 libere
1233 1007 1282 1051 re-

187 1086 369 1169 spondisse
385 1088 496 1164 fertur,
510 1089 638 1152 multos
653 1106 689 1151 se
704 1085 830 1151 deliros
840 1104 939 1150 senes
948 1106 1043 1170 saepe
1059 1086 1204 1168 vidisse3
1226 1089 1287 1155 sed

187 1191 247 1274 qui
275 1190 395 1273 magis,
426 1209 529 1275 quam
559 1190 732 1269 Phormio,
756 1189 921 1267 deliraret,
950 1190 1079 1255 vidisse
1108 1192 1287 1256 nemiuem.

186 1294 242 1359 76.
264 1290 385 1377 Neque
401 1292 588 1361 mehercule
608 1293 743 1378 injuria.
778 1290 874 1371 Quid
889 1292 977 1357 euim
991 1300 1051 1357 aut
1064 1294 1288 1377 arrogantius,

187 1404 248 1461 aut
271 1395 450 1480 loquacius
470 1394 542 1460 fieri
557 1397 678 1479 putuit,
693 1414 794 1480 qnam
811 1391 1009 1470 Hannibali,
1026 1396 1083 1480 qui
1105 1401 1158 1459 tot
1181 1415 1288 1461 annos

187 1498 229 1573 de
244 1498 387 1583 imperio
404 1518 481 1563 cum
495 1499 626 1584 populo
647 1498 805 1564 Romanu
823 1498 971 1563 omnium
992 1498 1138 1582 gentium
1158 1498 1294 1564 victore

187 1608 364 1677 certasset,
382 1600 543 1667 Graecum
565 1600 750 1679 huminem,
770 1602 829 1686 qui
852 1620 1019 1686 nunquam
1044 1601 1186 1679 hostem,
1207 1621 1294 1667 uuna

97 1698 100 1707 ’
187 1723 291 1787 quam
315 1704 594 1783 castravidisset,
618 1722 787 1788 uunquam
807 1704 951 1789 denique
972 1704 1141 1768 minimam
1157 1714 1289 1787 partem

185 1806 289 1871 ullius
315 1807 445 1889 publici
466 1808 611 1873 muneris
632 1808 818 1889 attigisset,
842 1801 1010 1890 praecepta
1024 1804 1074 1870 de
1096 1826 1131 1870 re
1152 1807 1290 1871 militari

188 1910 293 1976 darei
337 1910 419 1982 Hoc
443 1910 525 1975 mihi
548 1910 661 1985 facere
681 1928 799 1974 omnes
821 1910 887 1983 isti,
910 1909 969 1992 qui
994 1908 1038 1973 de
1059 1915 1131 1972 arte
1155 1910 1292 1975 dicendi

187 2012 401 2103 praeeipinnt³
417 2010 589 2076 videntur:
612 2011 700 2096 quod
716 2011 807 2074 enim
823 2011 892 2095 ipsi
910 2011 1041 2093 experti
1061 2030 1129 2075 non
1143 2017 1230 2093 sunt,
1253 2010 1290 2075 id

187 2114 313 2181 docent
326 2122 466 2182 ceteros.
511 2114 580 2181 Sed
595 2114 658 2179 hoc
681 2114 791 2179 miuus
813 2112 956 2179 fortasse
978 2122 1099 2192 errant,
1114 2114 1206 2199 quod
1220 2132 1306 2177 non1

188 2227 234 2295 te,
251 2224 290 2286 ut
304 2216 561 2294 Hannibalem,⁶
583 2217 642 2283 sed
659 2233 794 2300 pueros,
811 2224 869 2282 aut
884 2217 1156 2282 adulescentulus
1168 2216 1288 2280 docere
1324 2292 1329 2303 Ι

190 2326 363 2399 conantur.
544 2386 547 2389 .
726 2310 731 2321 ⁵
1291 2316 1296 2323 ’

235 2426 334 2490 xrx.'
347 2425 403 2490 77.
424 2422 538 2504 Erras,
562 2423 695 2502 Catule,
719 2424 829 2509 inquit
843 2423 1035 2491 Antonius:
1059 2443 1136 2489 nam
1158 2430 1290 2508 egomet

187 2531 221 2598 in
246 2529 367 2606 multus
384 2527 456 2613 jam
476 2528 721 2593 Phormiones'
743 2527 858 2593 incidi.
902 2526 989 2607 Quis
1006 2528 1184 2592 enimest¹
1208 2528 1289 2592 istu·

188 2651 262 2696 rnm
276 2630 482 2707 (insanorum,
507 2632 566 2715 qui
589 2649 776 2718 quenquam
797 2636 946 2696 noenum
968 2630 1151 2714 quicquam
1167 2628 1289 2694 intelli-

189 2755 267 2818 gere
291 2735 492 2800 arbitraturi
537 2732 592 2800 Ae
616 2735 695 2799 milri
720 2733 859 2819 quidem
881 2733 1018 2798 nonita
1040 2732 1173 2798 molesti
1196 2743 1289 2812 sunt;

187 2838 291 2902 facile
302 2857 417 2904 omnes
433 2838 598 2923 perpetior
610 2844 643 2902 et
655 2837 785 2926 perfero
798 2843 825 2902 :²
841 2857 917 2901 nam
929 2840 988 2901 aut
997 2835 1124 2920 aliquid
1139 2834 1289 2912 afferunt,

189 2937 281 3026 qnod
297 2941 377 3006 mihi
393 2928 674 3028 non‘displiceat3
690 2948 752 3005 aut
762 2939 918 3017 efficiunt,
930 2947 968 3003 ut
978 2959 1032 3002 me
1044 2947 1113 3002 non
1127 2937 1290 3003 didicisse

187 3045 296 3109 minus
311 3046 490 3130 poeniteat:
513 3043 648 3108 dimitto
665 3049 774 3108 autem
790 3062 851 3108 eos
866 3061 933 3106 non
948 3047 1019 3108 tam
1032 3031 1297 3118 contumeliosa

188 3166 289 3231 qnam
313 3147 547 3232 philosophum
569 3145 665 3211 illum
689 3145 873 3220 Hannibal,
903 3153 940 3209 et
966 3163 1010 3208 eu
1036 3143 1183 3206 fortasse
1211 3144 1291 3226 pius
1393 3209 1400 3228 ,ἱ

189 3250 300 3315 habeo
330 3249 432 3320 etiam
462 3251 626 3333 negotii:'
658 3249 718 3312 sed
749 3253 881 3312 tamen³
905 3254 958 3312 est
982 3264 1095 3310 eornm
1126 3243 1290 3320 doctrina,

190 3362 353 3435 quantum
369 3371 432 3436 ego
447 3353 600 3438 judicare
616 3369 769 3436 possum,
786 3347 1002 3435 perridicula.
1044 3347 1099 3414 78.
1123 3346 1293 3449 Dividunt
1365 3440 1370 3447 Ι

222 3587 234 3612 '
252 3577 376 3630 Hormidol
389 3577 604 3640 carthaginiensis.
700 3582 710 3609 ⁸
728 3575 758 3626 ln
768 3575 856 3625 multos
865 3573 954 3624 similes
962 3572 1006 3624 oti
1016 3568 1165 3622 namna.

223 3647 230 3677 ¹
251 3645 288 3694 ot
298 3644 440 3694 msam
450 3643 621 3694 mormulam
631 3641 691 3692 mili
699 3647 756 3691 sant
771 3641 923 3692 mutieres.

644 3795 896 3845 uenenum¹

192 3941 265 3993 Men.
277 3937 352 3988 Muli.
364 3945 392 3988 et
405 3923 488 3988 uren.
499 3952 596 4000 cumque
606 3916 629 3986 is
638 3941 720 3986 se-l·
737 3937 745 3964 ⁸
759 3935 790 3986 ln
803 3932 891 3985 Guelf.
903 3937 928 3982 t.
945 3931 1018 3979 abest
1028 3930 1119 3978 dicitnr
1130 3928 1189 3991 post
1200 3929 1290 3976 locutu

191 4021 250 4056 esse.
282 4003 410 4054 Consulto
420 4010 507 4052 auteur
527 4003 587 4051 milri
600 4002 702 4052 videtur
719 4002 813 4052 Cicero
827 3999 917 4048 dicitur
934 4003 1043 4060 propter
1055 3993 1222 4058 parenthesin
1234 3993 1290 4042 lun·

191 4072 289 4133 gioreur
300 4069 483 4131 interpositam
499 4067 541 4118 bis
551 4065 681 4146 nomime!
699 4067 771 4144 lirrrl.
804 4064 880 4123 Mox,
895 4077 942 4125 pro
953 4057 1200 4136 incentorishcodd.
1211 4059 1290 4134 ponci

192 4133 648 4251 nuit‘tlrtlfftt'rlifrlf
692 4124 1291 4248 rrzdull⁰nirnlnntttnffnlt

194 4267 298 4316 Sclrutn.
309 4273 337 4315 ot
349 4263 462 4320 Heium,
478 4269 505 4314 at
515 4263 555 4313 ille
568 4261 745 4320 Hannibalem
763 4259 838 4309 ΜιιΙΙ.
848 4265 890 4306 unt
903 4253 1069 4306 Rumitalca-

226 4333 292 4380 Cnr’.
305 4343 368 4382 xrx.
391 4334 403 4379 l
424 4329 484 4388 eris
494 4333 531 4379 est
541 4330 604 4379 enim
616 4329 708 4378 Lamb.
732 4325 868 4385 Actutum,
880 4323 980 4372 istorum
990 4320 1111 4370 ricem
1118 4333 1208 4385 margo
1217 4319 1299 4369 Croti·
