3184 4925
303 373 392 444 1186
691 389 729 435 u.
753 387 787 436 r.
811 385 1014 436 cressonis

305 535 499 602 constituta.
523 531 596 599 12.
615 529 689 615 1²40
714 550 793 598 tero
814 539 860 610 te,
885 531 1020 609 Crasse,
1036 547 1113 596 mim
1128 530 1207 596 vitat
1222 529 1314 607 llere,
1332 535 1405 599 tum

304 638 424 706 mortis
442 635 705 720 opportunitate,
725 634 839 700 divino
853 635 996 700 consilio
1010 643 1046 698 et
1060 641 1169 702 ortum
1179 639 1203 688 ¹¹
1226 637 1261 698 at
1273 633 1406 700 extinc-

303 748 376 808 tum
389 759 466 807 esse
479 736 639 808 arbitror:
660 755 739 802 nam
753 737 817 804 tihi
830 743 902 814 snt,
917 757 979 820 pro
995 737 1113 804 virtute
1127 735 1230 802 animi
1245 740 1408 804 constan„

303 843 422 927 daque
436 849 509 919 tna,
522 839 636 910 civilis
647 839 727 904 terri
736 839 911 904 subeunda
921 837 988 904 snit
1002 837 1198 916 crudelitas,
1211 844 1281 917 ant,
1292 839 1407 921 siqua

304 945 488 1014 te-iortuna
500 945 546 1010 ab
559 944 737 1008 atrocitate
750 943 869 1008 mortis
883 941 1097 1018 vindicasset,
1111 943 1125 1025 [
1133 961 1167 1025 p·
1177 939 1268 1021 lte]
1282 939 1405 1024 eadam

304 1067 382 1114 esse
395 1056 432 1113 te
444 1047 599 1112 funerum
608 1045 729 1130 patriae
737 1053 963 1128 spectatorem
975 1043 1159 1128 codgisset:
1174 1061 1284 1128 neque
1293 1043 1405 1108 solnm

304 1151 368 1218 tihi
377 1151 606 1236 improborum
616 1147 818 1224 dominatus,
832 1147 1017 1224 sododem,
1032 1155 1174 1234 propter
1185 1146 1369 1214 admixtam
1379 1149 1408 1194 ¹4

305 1253 434 1319 civium
457 1251 597 1330 eaedem,
614 1251 779 1315 honorum
794 1249 938 1316 victoria
951 1249 1085 1316 moerori
1105 1249 1232 1328 iuuset.
1277 1263 1331 1312 tv.
1350 1248 1405 1314 13.

307 1356 396 1424 Mihi
419 1353 569 1440 quidem,
594 1351 722 1437 Quinte
743 1352 859 1430 frater,
882 1362 1052 1418 eteorum
1072 1371 1188 1429 casus,
1211 1351 1405 1436 dequibus

307 1467 386 1525 ante
399 1457 486 1535 dixi,
501 1461 536 1522 et
549 1473 603 1532 ea,
626 1474 705 1540 quae
721 1456 921 1540 nosmetipsi
944 1456 987 1520 oh
1007 1474 1154 1522 amorem
1172 1457 1207 1520 in
1221 1453 1406 1538 rempubli-

307 1581 383 1628 cam
407 1559 632 1626 incredibilem
657 1566 692 1623 et
716 1558 917 1640 singularem
941 1559 1138 1644 pertulimus
1161 1577 1203 1626 so
1226 1557 1405 1636 sensimus,

307 1662 482 1746 cogitanti,
496 1662 661 1728 sententia
673 1679 767 1745 saepe
780 1667 842 1726 tna
853 1680 934 1727 vera
948 1681 990 1726 ao
1005 1663 1167 1746 sapiensW
1187 1660 1294 1728 videri
1308 1660 1404 1740 solet,

307 1768 367 1852 qni
382 1773 517 1850 propter
531 1770 593 1843 tot,
612 1769 736 1842 tantos,
758 1769 892 1849 tamque
909 1764 1122 1850 praecipites¹
1145 1781 1247 1828 casus
1260 1763 1407 1828 clarissi-

307 1887 438 1934 mornm
449 1868 619 1934 hominnm
632 1872 733 1951 atque
747 1867 949 1951 optimorum
965 1869 1118 1946 virorum,
1140 1885 1195 1956 me
1210 1885 1339 1950 sempor
1359 1868 1405 1934 ah

308 1972 400 2036 omni
415 1971 629 2036 contentione
644 1990 686 2036 ao
699 1969 919 2036 dimicatione
935 1972 1124 2036 revocasti·
1166 1968 1220 2034 14„
1239 1969 1307 2035 Sed
1322 1987 1406 2054 qno·

307 2075 402 2146 uiam
422 2073 497 2139 hano
515 2072 590 2156 jam
612 2091 718 2157 neque
741 2074 774 2136 in
792 2073 946 2156 integro²
968 2074 1067 2138 nobis
1089 2091 1164 2138 esse
1179 2078 1353 2156 possunt:
1373 2077 1407 2136 et

310 2175 432 2240 summi
457 2176 591 2240 labores
611 2175 732 2252 nostri,
752 2193 872 2256 magna
892 2176 1099 2258 compensati
1115 2177 1233 2258 gloria,
1249 2177 1405 2258 mitigan-

308 2284 384 2358 tnr;
408 2283 599 2362 pergamns³
622 2276 664 2342 ad
679 2296 723 2341 ea
742 2276 878 2354 solatia,
893 2297 971 2360 qum
988 2297 1051 2342 non
1072 2278 1174 2343 modo
1191 2277 1320 2342 sedatis
1335 2297 1406 2342 mo·

309 2378 431 2455 lestiis,
448 2379 611 2463 jucunda,
625 2377 800 2444 sedetiam
815 2377 1027 2458 haerentibus,
1043 2381 1205 2446 salutaria
1218 2381 1316 2444 nohis
1329 2399 1408 2446 esse

309 2489 522 2568 possunt3‘4
543 2502 793 2567 sermonemque
806 2482 845 2547 L·
857 2483 972 2548 Crassi
984 2484 1157 2571 reliquum,
1167 2504 1208 2549 ac
1220 2503 1316 2569 piene
1328 2504 1407 2571 pos-

342 2685 355 2710 *
371 2675 542 2737 Aeeterfaisti
552 2690 583 2726 ae
592 2690 644 2726 esst
654 2675 767 2738 improlis
781 2677 953 2726 contenderem.

341 2750 360 2774 ¹⁹
376 2742 433 2790 Nea
444 2746 480 2791 est
490 2743 605 2790 iuream
613 2746 728 2805 potestate
737 2745 765 2790 nt
774 2742 926 2791 emendentur
934 2742 1065 2805 preterita.

340 2814 354 2837 ⁸
371 2806 494 2856 Proesesti
503 2808 580 2856 delore
589 2806 748 2856 sneisatihrs
760 2808 829 2854 mulis
840 2807 956 2857 suumne
970 2813 1025 2857 suet
1035 2806 1146 2859 venedis.

770 2950 813 2971 m
815 2950 950 2972 ΝΝΝΝΝΝ

309 3044 479 3093 Menon-tt
497 3043 552 3092 Eri.
565 3048 587 3094 l.
598 3049 715 3093 mlum.
748 3044 833 3095 Ptolo
845 3045 971 3109 post,suit
982 3044 1101 3095 munds
1113 3044 1264 3095 Lamhelt
1282 3044 1371 3095 Gneli.
1385 3052 1408 3098 l.

310 3110 336 3157 2.
347 3113 372 3158 3.
380 3108 497 3157 omittam
504 3125 514 3166 ,·
533 3108 587 3157 nrt.
599 3112 623 3159 l.
633 3111 781 3159 ammixtum.

344 3173 414 3223 Can.
425 3187 465 3221 ιν.
494 3178 506 3222 l
520 3172 681 3223 6οι121.2.
701 3183 729 3224 et
747 3175 801 3224 Eri.
813 3178 836 3223 1.
856 3182 906 3225 torn
922 3175 1110 3239 praempr'tesqne.
1143 3174 1216 3231 Mox,
1230 3175 1350 3224 heminam
1366 3191 1409 3225 ru·

310 3249 431 3301 spectum
441 3239 577 3299 Seliutsi03
589 3240 695 3288 virorem
705 3240 805 3289 deleret
817 3239 909 3289 Perre.
926 3241 1108 3289 chmssimorum
1118 3243 1222 3289 atrorem
1232 3240 1409 3303 utqueoptinro·

309 3304 490 3354 mmm
500 3304 590 3354 Guelf.
601 3309 626 3353 2.
660 3305 750 3353 Codes
769 3314 854 3355 tsrnen
872 3306 925 3355 Erl.
941 3309 965 3355 l.
982 3314 1071 3355 tuetur
1084 3306 1215 3368 vulgatam
1228 3306 1409 3355 lectionem.-

310 3370 328 3415 2
344 3366 388 3418 Its
399 3368 488 3418 Gneli'.
497 3373 523 3418 8.
537 3369 613 3421 dunt.
625 3369 698 3419 Crst.
709 3372 780 3419 Man.
791 3371 871 3419 Bssil.
881 3371 986 3420 Sohuts.
999 3370 1163 3435 Orellmeptoe
1175 3372 1268 3432 integre
1282 3370 1370 3421 Gueli.
1384 3374 1408 3421 l.-

310 3432 367 3482 Erl.
380 3438 403 3483 t.
429 3448 503 3499 sepse
513 3434 610 3496 integre
620 3435 698 3485 Cant.
714 3436 803 3485 Mead.
816 3434 890 3486 llari.
901 3440 925 3485 2.
944 3436 969 3484 in
988 3450 1068 3500 marg·
1081 3434 1169 3488 Guelf.
1180 3440 1205 3487 2.
1223 3434 1330 3485 Omnih.
1341 3438 1408 3486 Lea·

309 3497 554 3549 atellensem
570 3499 660 3549 hamb.
677 3500 770 3551 Peste·
787 3509 815 3551 et
833 3501 983 3551 Harlea-t
1001 3501 1055 3551 Eri.
1069 3506 1091 3551 t.
1107 3506 1261 3565 pergens—e
1280 3501 1351 3551 ldem
1363 3517 1408 3551 eo·

809 3628 918 3680 NOTAE

308 3718 382 3780 leges
393 3718 419 3767 io
430 3718 539 3780 gratiam
551 3718 629 3768 Marii
641 3720 745 3769 tulerat.
769 3718 840 3783 Sylla
881 3718 1002 3770 trimento
1010 3720 1227 3786 trucidarijursit.
1245 3721 1412 3787 Plutarchus,

310 3810 370 3844 enm
388 3796 506 3843 exercitu
523 3794 640 3851 Romam,
652 3811 684 3844 ex
701 3812 752 3861 qur
764 3797 840 3857 paulo
881 3796 1043 3858 Florus,&e.

311 3880 373 3920 snte
400 3870 512 3933 ingerat,
540 3886 670 3935 reversus,
691 3872 840 3935 occuparit.
913 3883 928 3908 '¹
949 3876 1161 3942 Veronesspieus]
1177 3877 1408 3931 lluieirstrissen-

311 3946 439 4010 Sulpicius
451 3947 553 4008 qnidem
565 3947 590 3996 in
601 3946 663 4012 ingr
673 3948 840 4009 occisorest3
881 3954 970 4003 tentia
988 3968 1038 4004 nou
1056 3969 1158 4019 semper
1173 3957 1266 4006 Cicero
1284 3954 1410 4007 adhesit:

312 4030 339 4072 st
350 4022 451 4087 elapsus
462 4023 571 4087 Marius,
582 4032 610 4074 et
621 4040 654 4074 es
666 4024 756 4073 Africa
767 4038 841 4072 revo-
879 4037 976 4093 quante
994 4030 1041 4081 ribi
1056 4033 1162 4083 steterit
1174 4047 1233 4085 enm
1246 4033 1358 4083 Antonio
1370 4034 1409 4097 dig

312 4104 396 4160 estus,
403 4100 536 4149 annitente
544 4102 626 4151 cinna
635 4101 750 4156 consule,
757 4100 840 4165 Syllo·
880 4105 998 4165 micaria,
1008 4104 1073 4156 vidit
1083 4108 1130 4157 sed
1140 4108 1232 4166 serina,
1242 4125 1300 4161 enm
1313 4110 1344 4163 ab
1353 4111 1409 4179 ejuq

311 4191 358 4227 uos
371 4177 481 4227 vicissim
500 4179 662 4243 proscripsit,
674 4187 700 4229 et
712 4194 775 4245 qnos
792 4180 840 4230 sibi
880 4181 1034 4235 satellitibus
1046 4182 1216 4239 obtruncatus
1226 4196 1275 4239 est.

310 4261 430 4305 senserat
439 4252 558 4320 infestos,
566 4254 712 4307 incredibili
722 4256 788 4321 reip.
796 4258 840 4308 de·
