3184 4925
319 398 407 465 ilua
699 415 739 461 u.
763 414 797 462 u:
819 414 1023 467 orouaorrte

318 558 479 625 iste-mihi
493 562 551 625 tua
566 557 632 625 luit
646 558 854 645 perjuouuda
867 579 889 623 a
908 560 1091 644 propoeita·
1104 558 1260 641 oratioue
1280 557 1415 644 degree·

318 662 397 727 aio!
437 661 533 727 Turn.
549 660 696 739 Atticus,
713 660 903 745 Aliquotiee
925 682 1013 740 euru,
1034 663 1154 747 inquit,
1174 670 1325 738 nonnus,
1347 664 1414 729 eod

316 763 525 847 interpellare
550 764 666 830 nolui..
702 765 814 841 Nune,
837 766 999 849 qnoniam
1017 766 1061 831 ad
1076 766 1297 850 perorandum
1310 786 1414 851 epeo·

318 876 389 931 tare
416 866 544 933 videtur
565 886 672 933 sermo
691 875 779 942 tuus,
795 866 917 939 dicam,
932 869 1063 952 opinor,
1082 868 1171 951 quod
1191 870 1309 934 eeutio.
1353 868 1412 934 Tu

318 988 408 1052 vero,
436 972 585 1055 iuquam,
610 970 736 1035 Tite-'¹
781 970 870 1035 'lam
896 971 965 1049 ille,
986 970 1071 1054 Ego,
1099 971 1221 1054 iuquit,
1246 972 1426 1061 uoniam*

314 1072 420 1151 iliam,
441 1092 542 1157 quam
558 1074 593 1137 in
608 1074 766 1139 Socrate¹
780 1072 896 1138 dicunt
908 1073 1025 1150 luisse,
1039 1092 1107 1157 qua
1117 1074 1177 1139 ille
1187 1074 1223 1137 in
1237 1074 1413 1147 Platonis,

299 1184 351 1241 ,et
366 1175 617 1259 Xenophontis,
632 1186 665 1240 et
679 1174 876 1241 AEsolriuie²
892 1176 985 1241 libris
999 1178 1112 1255 utitur,
1126 1177 1270 1243 iaoamm
1291 1187 1327 1242 et
1340 1179 1419 1243 ele-

314 1284 445 1361 gantem
461 1286 563 1363 puto:
587 1284 641 1343 est
653 1278 739 1341 euim
755 1284 791 1343 et
805 1278 939 1344 minime
956 1279 1063 1362 inepti
1083 1280 1237 1357 hominia,
1261 1287 1296 1345 et
1316 1280 1413 1365 ojus-

315 1380 504 1449 demetiam
520 1380 631 1459 saneti,
647 1400 723 1445 oum
739 1381 781 1446 do
801 1382 969 1465 rapientia
986 1383 1217 1466 disceptetur-,¹
1239 1383 1324 1448 haue
1340 1386 1413 1449 sibi

314 1483 425 1566 ipsum
445 1484 628 1559 detrahere,
641 1484 690 1549 eis
705 1483 846 1549 tribuere
860 1484 1059 1560 illudentem,
1075 1485 1135 1568 qui
1148 1505 1224 1549 eam
1237 1486 1302 1551 sibi
1315 1506 1411 1551 arro-

314 1594 412 1669 gant:
426 1597 464 1651 ut
479 1587 569 1671 apud
586 1586 762 1653 Platonem
778 1587 936 1653 Socrates
950 1588 984 1651 in
1001 1586 1235 1653 coelumeliert
1248 1589 1411 1655 laudibus

313 1690 545 1772 Protagoram,
568 1690 746 1775 Hippiam,
776 1689 969 1769 Prodicum,
998 1690 1171 1773 Gorgiam,
1196 1698 1347 1773 oeteroe3
1369 1714 1413 1760 eo

313 1802 427 1859 autam
444 1794 591 1859 omnium
606 1814 713 1859 rerum
728 1793 872 1859 inscium
892 1792 985 1876 fingit
1004 1800 1039 1857 et
1062 1790 1196 1859 rudem:
1219 1793 1317 1859 deoet
1339 1796 1408 1863 hoo

312 1896 429 1961 neseio
445 1895 614 1981 quomodo
638 1894 751 1961 illum:
776 1914 836 1961 neo
857 1894 1033 1979 llpiouro,5
1054 1897 1112 1980 qui
1134 1895 1169 1961 id
1183 1898 1409 1981 reprehendit,

311 2000 483 2065 assentior.
527 1997 595 2065 Sed
610 1998 646 2062 iu
660 1998 811 2075 historia,
825 2004 993 2082 quatuos
1003 2018 1087 2065 uene
1096 2000 1230 2063 inomni
1236 2018 1409 2079 mone,

311 2120 399 2181 eum,
413 2102 524 2187 quelle
538 2100 682 2186 quisque
698 2110 810 2165 orator
822 2100 956 2179 luisset,
965 2120 1164 2185 exponeres,
1176 2100 1263 2174 ride,
1271 2122 1408 2187 quaeso,

313 2205 434 2290 inquit,
449 2224 489 2269 ue
511 2211 580 2269 mm
601 2201 874 2286 reprehendenda
894 2204 939 2267 eit
959 2202 1078 2280 ironia,
1092 2222 1193 2288 quam
1206 2206 1241 2269 iu
1255 2207 1408 2271 teeu'mo·

309 2308 393 2372 nior
433 2308 510 2372 298.
535 2304 715 2385 Quorsus,⁴
739 2306 888 2391 iuquam,
907 2305 1019 2370 murel
1045 2324 1112 2369 uou
1134 2307 1220 2371 enim
1239 2307 1407 2392 intelligo.

311 2408 404 2490 Quia
427 2412 579 2494 primum,
596 2408 778 2494 iuquitita
801 2407 981 2476 laudavisti
1003 2405 1167 2493 quosdam
1189 2418 1350 2492 oratores,
1365 2422 1409 2478 ut

310 2512 487 2596 imperitos
502 2519 647 2596 poeees⁵
672 2513 707 2576 iu
730 2529 876 2576 errorem
892 2511 1059 2577 inducere.
1103 2510 1267 2595 Epuidem
1281 2514 1317 2576 in
1331 2517 1405 2598 qui·

309 2613 449 2680 busdam
465 2615 568 2678 risum
585 2615 643 2677 vix
659 2615 825 2690 tenebam,
837 2631 912 2677 oum
930 2611 1069 2678 Altico⁶
1091 2613 1203 2697 Lysiae
1218 2614 1406 2688 Catonem⁸

309 2725 481 2782 nostrum·
505 2717 737 2801 comparabas,
752 2734 919 2797 magnum,
935 2716 1142 2794 mehercule,
1156 2715 1335 2794 hominem,
1347 2720 1409 2786 uel

209 2857 216 2867 ·
308 2819 425 2905 potiue
450 2837 613 2883 summum
633 2826 666 2883 et
683 2816 882 2898 singularem
908 2818 1033 2883 virum:
1058 2836 1155 2884 nemo
1176 2820 1266 2884 dicet
1279 2840 1404 2887 aecus:

337 3004 350 3028 ¹
365 2995 407 3044 Ad
418 2993 512 3046 Aretes
523 2998 636 3044 maiorm.
797 3001 815 3026 ⁸·
831 2993 892 3049 Dic,
904 2994 995 3044 Attice.

338 3068 352 3116 ¹,
369 3059 600 3118 Diart'malutioarrr,
612 3075 658 3122 pau
669 3057 722 3122 orit
731 3059 797 3109 aliud
807 3058 891 3118 mtil,
900 3060 966 3107 eliud
977 3058 1047 3109 dicit

337 3134 353 3224 ζ
367 3125 545 3240 gwala
555 3125 716 3175 tertineriam
725 3125 806 3173 dicere
815 3128 898 3172 coatra
907 3125 1158 3188 aerimiagaerrtar.

764 3265 942 3286 Um

339 3345 408 3396 Cae.
420 3357 523 3394 anxa·
556 3347 569 3393 l
587 3343 669 3393 Attice
678 3343 745 3392 Nor.
755 3356 841 3404 margo
850 3343 923 3392 crat.
934 3347 962 3390 et
973 3342 1112 3392 Lamo—a
1126 3343 1267 3409 FAEacdt'at]
1283 3345 1328 3396 sie
1338 3361 1405 3396 eon·

305 3413 409 3461 atentia
421 3424 499 3459 cauea
511 3408 597 3457 derlia
610 3405 699 3458 oneri.
709 3414 731 3457 l.
744 3412 769 3457 2.
781 3417 810 3456 et
820 3408 884 3457 Nor.
893 3407 1015 3459 AEacliea'e
1025 3409 1126 3458 ceteri!
1143 3411 1267 3460 oreta—a
1284 3411 1326 3460 lta
1335 3412 1404 3462 Nor.

305 3475 366 3527 Ald.
376 3475 450 3528 lunt.
463 3473 552 3526 Lamb.
565 3481 592 3524 et
604 3472 687 3521 Orell.
703 3473 848 3535 direeptotar
857 3473 964 3520 Solrutz.
976 3485 991 3520 e
1003 3471 1093 3522 Gueli.
1106 3479 1128 3522 l.
1137 3480 1163 3526 2.
1172 3477 1215 3538 qui
1227 3476 1323 3537 ubique
1334 3479 1405 3526 indi·

305 3543 418 3590 aelirum
433 3539 559 3603 praebent.
592 3537 668 3599 Mox,
678 3541 790 3597 arrogari
801 3537 965 3599 ooujeetabet
976 3537 1136 3588 Ermaia-t
1151 3540 1267 3595 Quom
1275 3540 1366 3591 Guell'.
1374 3546 1403 3591 1.

305 3611 331 3655 2·
362 3604 500 3668 Actutum,
520 3604 596 3666 iaturl,
615 3617 661 3666 pro
674 3602 750 3664 ¹ieter,
765 3602 919 3652 Solone-d
936 3601 1053 3654 Ellendt.
1068 3604 1250 3668 eoepleabatur
1265 3607 1403 3670 poeria-tl

791 3749 905 3800 NOTAE

335 3857 348 3884 ¹
366 3850 444 3906 Quen
456 3847 484 3897 ia
499 3844 610 3909 amaa]
626 3845 669 3896 De
687 3841 769 3896 ironia
782 3843 829 3894 So·
869 3846 1056 3912 tranquillitate
1077 3847 1225 3899 collocarit.
1258 3847 1333 3899 Obiit
1351 3863 1401 3899 oo·

304 3927 384 3978 eratir
400 3925 498 3976 dictura
515 3930 557 3975 art
572 3924 619 3975 lib.
634 3935 667 3973 ιι.
678 3921 711 3974 de
727 3922 829 3986 0rat.§
868 3922 1398 3989 ragenarioruajor,aoooemundoolyrn·

302 4007 360 4055 alt.
869 3999 954 4064 piadia
965 4003 1023 4052 18⁷.
1033 4010 1096 4050 aute
1105 4000 1236 4052 Clrriatum
1243 4003 1302 4051 2⁷1.
1328 4001 1401 4053 Vide

333 4079 478 4144 ἱερέων]
497 4077 648 4128 Atlraulenei
667 4075 829 4142 philoroplro,
869 4075 1011 4128 lairtiun.

300 4158 345 4224 qni
362 4157 517 4206 felicitatem
534 4167 594 4210 nou,
607 4163 636 4204 ut
652 4154 770 4217 plerique
783 4167 830 4203 aa·
899 4161 911 4186 ¹
927 4151 1052 4217 Camere]
1069 4152 1174 4218 neque
1186 4152 1301 4206 dixi-ua
1315 4169 1397 4222 aapra

301 4231 425 4288 latimaot,
445 4231 471 4280 iu
498 4228 624 4282 obaooeuia
645 4229 762 4294 eorporlr
784 4242 829 4280 ro·
869 4231 935 4294 §dd

300 4307 457 4374 luptatilrua,
477 4305 523 4354 red
550 4307 578 4354 iu
605 4304 722 4369 perlaeta
750 4305 830 4358 animi
