3184 4925
307 430 396 495 tuta
695 446 735 493 n.
757 448 793 497 r.
816 446 1021 497 ciceronis

307 590 406 657 dial‘
425 594 587 667 moretur,
614 588 646 653 ai
665 588 708 667 ir,
732 590 793 675 qui
822 590 926 667 audit,
956 590 1078 655 adduci
1106 598 1233 676 potest,
1264 600 1303 656 ut
1330 592 1405 671 illa,

307 714 384 779 qum
413 694 456 757 dc
486 692 594 757 altero
616 692 840 776 deplorentur,
867 694 911 758 ad
940 712 1020 759 snas
1053 714 1108 759 ros
1138 702 1284 773 revocet,
1315 714 1406 780 quan

306 802 366 863 aot
380 797 493 862 tulerit
507 796 658 875 acerbae,
678 802 740 861 aut
751 797 867 862 timeat
877 806 910 879 ς·
932 804 991 861 aut
1006 798 1139 863 intuens
1155 797 1268 876 alium,
1284 800 1406 863 crebro

307 900 352 965 ed
368 901 517 985 seipsum
530 908 558 939 ¹⁰
579 904 768 963 revertatur.
813 898 869 963 Ita
888 918 965 964 cnm
977 907 1002 941 ¹¹
1025 899 1147 983 singuli
1171 918 1273 965 casus
1288 900 1406 964 lrnma·

306 1020 422 1069 uarum
437 1002 643 1067 miseriarum
660 1001 801 1083 graviter
813 1002 1031 1085 accipiuntur,
1040 1005 1070 1067 si
1082 1002 1234 1067 dicuntur
1245 1002 1405 1080 dolenter,

307 1112 378 1169 tum
393 1104 520 1170 afflicta
532 1112 568 1169 et
582 1111 750 1188 prostrata
764 1103 867 1169 virtus
882 1106 1028 1171 maxime
1042 1106 1197 1171 luctuosa
1210 1110 1279 1179 cnt3
1302 1113 1350 1182 et,
1364 1114 1406 1169 ιιι

306 1206 367 1273 illa
381 1208 484 1272 altera
503 1226 583 1290 para
601 1206 775 1286 orationis,
799 1226 877 1291 quae
901 1208 1078 1292 probitatis
1103 1208 1405 1287 commendatione,

306 1308 388 1373 boni
413 1310 475 1374 riri
495 1308 593 1373 debet
614 1311 758 1393 speciem
782 1312 879 1389 tueri,
900 1311 1015 1376 leuis·
1035 1314 1086 1391 (ut
1107 1329 1200 1395 eoepc
1217 1311 1289 1396 jam
1312 1308 1407 1395 dixi)

307 1421 410 1496 atque
434 1412 624 1493 submisea3
651 1414 702 1478 aio
727 1412 815 1492 haec,
840 1433 918 1499 qum
942 1414 1125 1497 coneipitur
1147 1416 1190 1477 ab
1210 1422 1338 1479 oratore
1359 1415 1405 1479 ud

308 1512 561 1579 commutandos
577 1516 706 1580 animos
721 1523 824 1601 atque
840 1517 929 1581 omni
945 1518 1074 1581 ratione
1087 1515 1284 1595 flectendos,
1299 1519 1405 1581 inten-

307 1625 345 1681 ta
359 1634 399 1681 ac
415 1616 593 1681 vehemens
606 1638 681 1682 esse
694 1618 805 1684 debet.
851 1636 932 1685 nrrr.
953 1620 1028 1685 212.
1053 1618 1119 1685 Sed
1135 1624 1187 1683 esi
1202 1618 1355 1705 quaedam
1368 1618 1403 1682 in

306 1719 360 1784 liis
375 1720 507 1784 duobus
521 1720 704 1803 generibus,
726 1740 865 1804 quorum
886 1707 1028 1787 alterurn
1045 1722 1132 1799 lene,
1148 1721 1286 1787 alterum
1304 1721 1403 1787 veba-

307 1840 399 1886 mens
412 1842 488 1887 eree
503 1824 682 1899 volumus,¹
706 1824 853 1889 difficilis
869 1824 911 1889 ad
927 1824 1194 1907 distinguendum
1206 1823 1404 1889 similitudo.

307 1920 344 1989 Ν
346 1944 400 1988 am
414 1932 484 1989 εκ*
506 1926 566 1992 illa
579 1927 722 2003 lenitate,
738 1917 807 2012 qna
822 1926 1037 1993 conciliamur
1050 1927 1104 2005 iis,
1118 1928 1176 2012 qui
1192 1927 1344 2004 audiunt,
1359 1927 1404 1990 nd

307 2024 394 2117 lianc
416 2028 484 2091 vim
500 2030 705 2106 acerrimam,
723 2048 792 2114 qua
806 2030 941 2095 eosdem
956 2030 1154 2119 excitamus,
1176 2030 1292 2094 influat
1305 2048 1405 2114 opor-

308 2135 355 2193 tet
370 2129 570 2214 aliquid,'at
582 2151 625 2195 ex
641 2132 704 2196 hac
716 2132 749 2195 vi
764 2151 998 2217 nonuunquam
1009 2133 1111 2197 animi
1123 2130 1249 2216 aliquid
1263 2132 1404 2215 [inflam-

307 2232 463 2317 mandum
479 2232 565 2313 eet]¹
587 2232 637 2297 illi
652 2233 799 2298 lenitati:
821 2252 933 2319 neque
948 2242 999 2299 est
1014 2235 1084 2300 ulla
1098 2234 1313 2319 temperatior
1327 2254 1403 2299 ora·

340 2425 352 2451 ⁰
370 2418 431 2494 §aar
439 2416 507 2467 eadit
517 2418 548 2468 de
557 2416 692 2468 ulerritete
702 2415 812 2482 diurn,
824 2417 912 2480 mgitet
921 2418 951 2468 de
960 2417 993 2468 iir
1001 2417 1070 2468 ruint
1078 2416 1179 2476 ιιιιιιιι,
1191 2432 1249 2482 ow
1261 2419 1299 2470 tel
1313 2418 1407 2484 tulerit,

309 2483 459 2596 &auximi
475 2545 513 2597 illi
531 2545 613 2610 puilia
624 2547 757 2612 opinionem
772 2548 821 2597 oiri
838 2548 892 2598 irai
902 2553 926 2600 et
935 2547 1029 2608 suram
1045 2547 1172 2614 probitati·
1183 2553 1264 2598 orator
1273 2547 1320 2599 rili
1328 2535 1407 2599 mii-

306 2611 363 2669 lict,
374 2613 458 2662 uelem
468 2627 519 2661 erre
529 2613 601 2661 letter.

340 2686 353 2710 ⁸
372 2677 463 2727 Orator
471 2677 539 2726 delei
548 2677 595 2726 oiri
606 2681 631 2726 et
641 2678 792 2741 asperitatem
804 2677 960 2728 couterticrrir
974 2677 1070 2727 condire
1085 2677 1126 2727 illu
1137 2677 1285 2728 humilate
1295 2693 1340 2742 pun
1351 2693 1406 2730 cou-

308 2743 422 2792 ciliorrtrrr
430 2745 559 2799 murra,
569 2748 595 2792 et
604 2747 759 2805 temperetur
769 2744 829 2793 illud
840 2744 934 2793 diremi
941 2755 1016 2805 perne
1026 2745 1174 2793 ιοιιιειιιιοιιε
1184 2745 1297 2794 excitae.

309 2971 399 3022 Gueli.
411 2977 434 3021 1.
446 2975 470 3021 ι.
481 2977 505 3022 ι.
524 2972 578 3021 Eri.
593 2975 617 3020 1.
634 2971 709 3023 Jnnt.
727 2978 755 3021 et
775 2971 867 3021 Lemb.
886 2973 1005 3035 perruintc
1022 2972 1099 3023 Muli.
1116 2971 1200 3022 Orell-
1210 2973 1245 3020 ιι.
1270 2970 1406 3030 Actutum,

307 3052 358 3087 erre
368 3037 442 3088 deert
453 3040 480 3088 iu
490 3035 580 3089 (ineis.
591 3040 665 3086 1.-9
680 3037 989 3100 cenomanensem.
1002 3037 1158 3088 Lunum-lit
1177 3037 1271 3087 Perre.
1289 3037 1358 3100 conj.
1374 3041 1406 3088 ed

308 3117 334 3168 ee
344 3104 468 3166 ipra-ll
486 3103 550 3152 ‘Vir
561 3103 664 3165 quidum
676 3102 769 3153 doctur
781 3117 814 3150 ex
824 3104 973 3166 conjectura
985 3104 1057 3167 legit,
1069 3104 1131 3152 lteri
1140 3103 1210 3159 curt‚'
1221 3106 1263 3166 tre.
1280 3101 1373 3152 Perre.

342 3169 409 3217 Car.
426 3182 487 3218 ιιιι.
521 3173 534 3217 ι
551 3168 627 3218 Soloi
639 3169 730 3218 Lemb.
741 3183 790 3216 erre
801 3169 926 3219 delet-2
944 3169 1009 3218 Nom
1018 3174 1042 3218 et
1052 3183 1083 3218 ex
1094 3167 1182 3220 Guell.
1194 3172 1217 3216 1.
1229 3171 1254 3216 ι.
1271 3176 1297 3217 et
1318 3169 1407 3218 Lemo.

307 3235 358 3280 -ι
374 3233 473 3283 ‘Vetat
484 3233 562 3283 lectio
581 3233 607 3281 ιι.
619 3235 636 3282 l.
654 3243 695 3283 ert
705 3233 850 3298 instruendum
860 3239 894 3283 erl
901 3249 912 3291 ,·
929 3233 997 3298 qnod
1010 3233 1128 3283 vitiorum
1139 3247 1196 3283 erte
1210 3233 1298 3282 vident
1309 3249 1407 3284 omnei-

308 3297 448 3348 Lumbinne
468 3299 582 3348 correxit
601 3297 771 3358 infundendam
791 3305 846 3357 ert,·
872 3299 1001 3349 Gruterus
1023 3313 1038 3349 e
1060 3299 1122 3348 Mer.
1144 3297 1338 3363 inflammandum
1360 3305 1405 3348 ert.

308 3363 459 3413 Melanthea
471 3374 498 3413 et
510 3364 664 3414 Gulielmint
677 3363 842 3419 corruebant
853 3363 995 3427 inflandum,
1011 3379 1057 3426 pro
1071 3365 1213 3430 offendetur
1229 3377 1287 3412 nem
1306 3371 1335 3412 rt
1351 3365 1405 3410 ‘iu-

307 3425 385 3477 detor
396 3429 511 3479 dirinue’
528 3429 625 3478 dieitur
637 3443 684 3489 pro
700 3426 828 3491 ‘effletru'
845 3439 872 3476 ur
885 3429 940 3478 Cic.
954 3429 1042 3478 Dirin.
1060 3442 1080 3479 ι.
1092 3433 1116 3478 a.
1128 3429 1204 3493 idque
1216 3429 1310 3478 ceterir
1328 3429 1405 3490 longe

308 3495 462 3544 meliorent.
496 3495 551 3554 Ero
562 3509 621 3544 oum
633 3494 747 3544 Grutero
759 3492 916 3554 ejiciendum
937 3497 1009 3558 puto.
1044 3493 1406 3544 eorrectorerroleberrthoe

308 3562 451 3610 membrum
465 3559 543 3622 priori
553 3558 660 3608 rimiliue
673 3558 790 3612 reddere,
802 3569 828 3607 et
840 3573 897 3607 cum
916 3559 940 3608 iu
960 3560 1004 3608 illo
1014 3561 1049 3608 rit
1059 3559 1155 3622 instant,
1164 3557 1251 3609 secere
1262 3559 1406 3624 instruendum

309 3630 344 3675 eet
351 3642 362 3684 ,-
379 3625 448 3675 unde
458 3623 652 3688 inflammandum
662 3622 761 3672 fectum
773 3633 815 3671 ent
826 3625 858 3672 eb
870 3625 911 3688 iit,
923 3627 965 3688 qul
979 3624 1115 3688 putabant,
1127 3625 1152 3674 id
1163 3623 1245 3673 leuior
1256 3640 1311 3673 eree
1324 3638 1369 3686 pro
1380 3625 1406 3672 oi

307 3689 390 3740 nitri.
424 3690 515 3755 Instant
526 3697 565 3738 ert
577 3705 712 3741 commune
723 3699 750 3737 ct
762 3696 851 3752 aptum
865 3689 988 3752 utrique!
1006 3691 1113 3740 Eruerti.
1142 3689 1265 3755 Plerique
1276 3689 1351 3738 eodd.
1362 3705 1405 3752 ep.

308 3753 401 3804 Pearc.
420 3755 517 3804 luebant
535 3755 697 3818 influentium
723 3755 839 3803 nonnulli
856 3754 1059 3819 inflnmumudrrur.
1093 3753 1218 3804 ‘wetzel
1238 3755 1283 3818 qui
1301 3755 1405 3818 quidem

307 3819 502 3884 infinum
512 3821 538 3868 iu
550 3828 624 3868 textu
637 3820 752 3883 retinuit,
763 3821 829 3868 hune
842 3821 990 3876 lectionem,
1005 3823 1041 3868 uti
1054 3819 1209 3884 influentiam,
1216 3821 1318 3884 rejecit,
1328 3831 1404 3884 etque

309 3887 452 3936 mentitur
460 3885 574 3936 Omrero
585 3893 613 3934 et
625 3887 754 3935 Ernestio.
787 3887 843 3947 Epo
856 3901 916 3934 vcro
927 3899 985 3936 cunr
996 3887 1115 3934 Srlrrrtrio
1127 3887 1247 3948 rcrcripr'r
1257 3884 1406 3950 iuflredm'

308 3949 414 4003 Harlet.
437 3952 519 4004 ‘Mihi
531 3958 630 4001 rectum
648 3953 751 4000 videtur
762 3952 954 4014 inflammandum
964 3958 1015 4008 eutr
1030 3951 1074 4000 red
1088 3952 1288 4012 exprimendum
1300 3953 1405 4014 (utpote

309 4027 394 4071 artum
414 4033 446 4068 ex
464 4017 667 4082 interpolatione
684 4016 716 4066 ed
738 4024 889 4081 corruptum
909 4017 971 4066 illud
989 4013 1155 4080 influentium.)
1171 4015 1208 4068 illi
1221 4017 1325 4080 lenitati,
1337 4013 1405 4082 quod

802 4171 912 4226 NOTAE

341 4283 351 4315 ¹
367 4281 840 4346 Misericordieweuiirericordlaenn·
880 4281 1015 4345 exemplis,
1034 4280 1143 4333 diximus
1154 4282 1172 4331 l.
1184 4295 1204 4333 ι.
1219 4281 1253 4335 de
1269 4281 1371 4333 iurent
1390 4285 1404 4347 ι

311 4367 380 4426 tort,
390 4361 468 4411 ruriit
482 4359 540 4424 ejur
558 4359 703 4412 excitanda
718 4358 841 4410 madiret
882 4361 938 4407 itt.
948 4359 997 4407 tec.
