<?xml version="1.0" encoding="UTF-8"?>
<!DOCTYPE html PUBLIC "-//W3C//DTD XHTML 1.0 Transitional//EN"
    "http://www.w3.org/TR/xhtml1/DTD/xhtml1-transitional.dtd">
<html xmlns="http://www.w3.org/1999/xhtml" xml:lang="en" lang="en">
 <head>
  <title>
</title>
<meta http-equiv="Content-Type" content="text/html;charset=utf-8" />
  <meta name='ocr-system' content='tesseract 3.04.00' />
  <meta name='ocr-capabilities' content='ocr_page ocr_carea ocr_par ocr_line ocrx_word'/>
</head>
<body>
  <div class='ocr_page' id='page_1' title='image "./librirhetorici00ernegoog_0480.png"; bbox 0 0 3184 4925; ppageno 0'>
   <div class='ocr_carea' id='block_1_1' title="bbox 314 420 1023 487">
    <p class='ocr_par' dir='ltr' id='par_1_1' title="bbox 314 420 1023 487">
     <span class='ocr_line' id='line_1_1' title="bbox 314 420 1023 487; baseline -0.003 -2"><span class='ocrx_word' id='word_1_1' title='bbox 314 420 401 487; x_wconf 71' lang='lat'>1418</span> <span class='ocrx_word' id='word_1_2' title='bbox 698 436 737 483; x_wconf 81' lang='lat' dir='ltr'><strong>u.</strong></span> <span class='ocrx_word' id='word_1_3' title='bbox 759 434 795 483; x_wconf 84' lang='lat' dir='ltr'><strong>r.</strong></span> <span class='ocrx_word' id='word_1_4' title='bbox 818 434 1023 483; x_wconf 79' lang='lat' dir='ltr'><strong>crosnoms</strong></span> 
     </span>
    </p>
   </div>
   <div class='ocr_carea' id='block_1_2' title="bbox 312 578 1417 3138">
    <p class='ocr_par' dir='ltr' id='par_1_2' title="bbox 312 578 1417 3138">
     <span class='ocr_line' id='line_1_2' title="bbox 312 578 1414 665; baseline 0 -19"><span class='ocrx_word' id='word_1_5' title='bbox 312 586 424 665; x_wconf 84' lang='lat' dir='ltr'><strong>teque,</strong></span> <span class='ocrx_word' id='word_1_6' title='bbox 435 578 570 644; x_wconf 84' lang='lat' dir='ltr'><strong>incluso</strong></span> <span class='ocrx_word' id='word_1_7' title='bbox 583 580 788 658; x_wconf 84' lang='lat' dir='ltr'><strong>adversario,</strong></span> <span class='ocrx_word' id='word_1_8' title='bbox 804 582 934 646; x_wconf 77' lang='lat' dir='ltr'><strong>lucret</strong></span> <span class='ocrx_word' id='word_1_9' title='bbox 951 578 1104 665; x_wconf 85' lang='lat' dir='ltr'><strong>judicum</strong></span> <span class='ocrx_word' id='word_1_10' title='bbox 1120 578 1259 654; x_wconf 85' lang='lat' dir='ltr'><strong>animos,</strong></span> <span class='ocrx_word' id='word_1_11' title='bbox 1274 584 1379 664; x_wconf 82' lang='lat' dir='ltr'><strong>atque</strong></span> <span class='ocrx_word' id='word_1_12' title='bbox 1392 600 1414 646; x_wconf 84' lang='lat' dir='ltr'><strong>a</strong></span> 
     </span>
     <span class='ocr_line' id='line_1_3' title="bbox 314 682 1412 768; baseline -0.002 -17"><span class='ocrx_word' id='word_1_13' title='bbox 314 682 490 751; x_wconf 68' lang='lat' dir='ltr'><strong>nemnem</strong></span> <span class='ocrx_word' id='word_1_14' title='bbox 520 683 697 768; x_wconf 73' lang='lat' dir='ltr'><strong>paulisper</strong></span> <span class='ocrx_word' id='word_1_15' title='bbox 720 682 763 747; x_wconf 88' lang='lat' dir='ltr'><strong>nd</strong></span> <span class='ocrx_word' id='word_1_16' title='bbox 785 684 990 749; x_wconf 79' lang='lat' dir='ltr'><strong>bilaritatem</strong></span> <span class='ocrx_word' id='word_1_17' title='bbox 1010 685 1183 768; x_wconf 72' lang='lat' dir='ltr'><strong>risumque</strong></span> <span class='ocrx_word' id='word_1_18' title='bbox 1204 683 1412 765; x_wconf 57' lang='lat' dir='ltr'><strong>traducerem</strong></span> 
     </span>
     <span class='ocr_line' id='line_1_4' title="bbox 313 784 1411 872; baseline -0.002 -21"><span class='ocrx_word' id='word_1_19' title='bbox 313 805 424 861; x_wconf 81' lang='lat' dir='ltr'><strong>nemo,</strong></span> <span class='ocrx_word' id='word_1_20' title='bbox 448 785 504 869; x_wconf 90' lang='lat' dir='ltr'><strong>qui</strong></span> <span class='ocrx_word' id='word_1_21' title='bbox 528 785 667 851; x_wconf 83' lang='lat' dir='ltr'><strong>dilutura</strong></span> <span class='ocrx_word' id='word_1_22' title='bbox 682 793 809 870; x_wconf 70' lang='lat' dir='ltr'><strong>possm,</strong></span> <span class='ocrx_word' id='word_1_23' title='bbox 832 792 971 870; x_wconf 76' lang='lat' dir='ltr'><strong>atquae</strong></span> <span class='ocrx_word' id='word_1_24' title='bbox 985 788 1118 872; x_wconf 85' lang='lat' dir='ltr'><strong>propria</strong></span> <span class='ocrx_word' id='word_1_25' title='bbox 1133 804 1175 852; x_wconf 85' lang='lat' dir='ltr'><strong>uo</strong></span> <span class='ocrx_word' id='word_1_26' title='bbox 1188 784 1331 850; x_wconf 77' lang='lat' dir='ltr'><strong>definita</strong></span> <span class='ocrx_word' id='word_1_27' title='bbox 1344 786 1411 850; x_wconf 90' lang='lat' dir='ltr'><strong>dis·</strong></span> 
     </span>
     <span class='ocr_line' id='line_1_5' title="bbox 313 889 1412 973; baseline -0.001 -20"><span class='ocrx_word' id='word_1_28' title='bbox 313 890 486 971; x_wconf 80' lang='lat' dir='ltr'><strong>putatione</strong></span> <span class='ocrx_word' id='word_1_29' title='bbox 501 889 644 953; x_wconf 88' lang='lat' dir='ltr'><strong>hominis</strong></span> <span class='ocrx_word' id='word_1_30' title='bbox 658 908 700 954; x_wconf 89' lang='lat' dir='ltr'><strong>ac</strong></span> <span class='ocrx_word' id='word_1_31' title='bbox 716 890 888 973; x_wconf 86' lang='lat' dir='ltr'><strong>temporis,</strong></span> <span class='ocrx_word' id='word_1_32' title='bbox 905 890 949 953; x_wconf 86' lang='lat' dir='ltr'><strong>nd</strong></span> <span class='ocrx_word' id='word_1_33' title='bbox 964 906 1177 955; x_wconf 86' lang='lat' dir='ltr'><strong>communem</strong></span> <span class='ocrx_word' id='word_1_34' title='bbox 1190 890 1412 973; x_wconf 75' lang='lat' dir='ltr'><strong>quaestionem</strong></span> 
     </span>
     <span class='ocr_line' id='line_1_6' title="bbox 313 992 1414 1076; baseline 0.002 -21"><span class='ocrx_word' id='word_1_35' title='bbox 313 992 460 1057; x_wconf 68' lang='lat' dir='ltr'><strong>universi</strong></span> <span class='ocrx_word' id='word_1_36' title='bbox 484 993 611 1073; x_wconf 79' lang='lat' dir='ltr'><strong>generis</strong></span> <span class='ocrx_word' id='word_1_37' title='bbox 638 992 823 1057; x_wconf 87' lang='lat' dir='ltr'><strong>orationem</strong></span> <span class='ocrx_word' id='word_1_38' title='bbox 850 993 1070 1073; x_wconf 82' lang='lat' dir='ltr'><strong>traducero3⁷</strong></span> <span class='ocrx_word' id='word_1_39' title='bbox 1091 1012 1198 1069; x_wconf 87' lang='lat' dir='ltr'><strong>nemo,</strong></span> <span class='ocrx_word' id='word_1_40' title='bbox 1220 992 1279 1076; x_wconf 87' lang='lat' dir='ltr'><strong>qni</strong></span> <span class='ocrx_word' id='word_1_41' title='bbox 1299 992 1414 1057; x_wconf 82' lang='lat' dir='ltr'><strong>deiec-</strong></span> 
     </span>
     <span class='ocr_line' id='line_1_7' title="bbox 314 1095 1415 1181; baseline 0.001 -21"><span class='ocrx_word' id='word_1_42' title='bbox 314 1096 403 1161; x_wconf 89' lang='lat' dir='ltr'><strong>tandi</strong></span> <span class='ocrx_word' id='word_1_43' title='bbox 418 1098 522 1177; x_wconf 83' lang='lat' dir='ltr'><strong>gratia</strong></span> <span class='ocrx_word' id='word_1_44' title='bbox 538 1095 662 1178; x_wconf 79' lang='lat' dir='ltr'><strong>digredi</strong></span> <span class='ocrx_word' id='word_1_45' title='bbox 678 1114 857 1181; x_wconf 80' lang='lat' dir='ltr'><strong>parumper</strong></span> <span class='ocrx_word' id='word_1_46' title='bbox 870 1114 1015 1176; x_wconf 65' lang='lat' dir='ltr'><strong>acausm</strong></span> <span class='ocrx_word' id='word_1_47' title='bbox 1029 1116 1136 1175; x_wconf 85' lang='lat' dir='ltr'><strong>nemo,</strong></span> <span class='ocrx_word' id='word_1_48' title='bbox 1149 1099 1208 1180; x_wconf 90' lang='lat' dir='ltr'><strong>qui</strong></span> <span class='ocrx_word' id='word_1_49' title='bbox 1220 1097 1266 1162; x_wconf 88' lang='lat' dir='ltr'><strong>ad</strong></span> <span class='ocrx_word' id='word_1_50' title='bbox 1280 1098 1415 1161; x_wconf 85' lang='lat' dir='ltr'><strong>irocuu·</strong></span> 
     </span>
     <span class='ocr_line' id='line_1_8' title="bbox 314 1198 1415 1285; baseline 0.001 -22"><span class='ocrx_word' id='word_1_51' title='bbox 314 1199 406 1263; x_wconf 82' lang='lat' dir='ltr'><strong>diem</strong></span> <span class='ocrx_word' id='word_1_52' title='bbox 435 1218 636 1282; x_wconf 80' lang='lat' dir='ltr'><strong>magnopere</strong></span> <span class='ocrx_word' id='word_1_53' title='bbox 661 1198 825 1282; x_wconf 87' lang='lat' dir='ltr'><strong>judicem,</strong></span> <span class='ocrx_word' id='word_1_54' title='bbox 850 1218 961 1273; x_wconf 87' lang='lat' dir='ltr'><strong>nemo,</strong></span> <span class='ocrx_word' id='word_1_55' title='bbox 987 1200 1046 1285; x_wconf 85' lang='lat' dir='ltr'><strong>qui</strong></span> <span class='ocrx_word' id='word_1_56' title='bbox 1076 1201 1120 1265; x_wconf 85' lang='lat' dir='ltr'><strong>ad</strong></span> <span class='ocrx_word' id='word_1_57' title='bbox 1149 1199 1261 1263; x_wconf 83' lang='lat' dir='ltr'><strong>fletum</strong></span> <span class='ocrx_word' id='word_1_58' title='bbox 1293 1206 1415 1282; x_wconf 88' lang='lat' dir='ltr'><strong>posset</strong></span> 
     </span>
     <span class='ocr_line' id='line_1_9' title="bbox 313 1300 1417 1388; baseline -0.001 -21"><span class='ocrx_word' id='word_1_59' title='bbox 313 1300 502 1379; x_wconf 87' lang='lat' dir='ltr'><strong>adducere;</strong></span> <span class='ocrx_word' id='word_1_60' title='bbox 525 1320 634 1379; x_wconf 89' lang='lat' dir='ltr'><strong>nemo,</strong></span> <span class='ocrx_word' id='word_1_61' title='bbox 647 1302 704 1384; x_wconf 90' lang='lat' dir='ltr'><strong>qni</strong></span> <span class='ocrx_word' id='word_1_62' title='bbox 720 1302 866 1367; x_wconf 86' lang='lat' dir='ltr'><strong>animum</strong></span> <span class='ocrx_word' id='word_1_63' title='bbox 882 1305 955 1388; x_wconf 81' lang='lat' dir='ltr'><strong>ejus</strong></span> <span class='ocrx_word' id='word_1_64' title='bbox 969 1304 1075 1387; x_wconf 88' lang='lat' dir='ltr'><strong>(quod</strong></span> <span class='ocrx_word' id='word_1_65' title='bbox 1089 1320 1190 1367; x_wconf 91' lang='lat' dir='ltr'><strong>ouum</strong></span> <span class='ocrx_word' id='word_1_66' title='bbox 1203 1310 1255 1367; x_wconf 89' lang='lat' dir='ltr'><strong>est</strong></span> <span class='ocrx_word' id='word_1_67' title='bbox 1268 1303 1417 1366; x_wconf 83' lang='lat' dir='ltr'><strong>oratoris</strong></span> 
     </span>
     <span class='ocr_line' id='line_1_10' title="bbox 312 1393 1416 1491; baseline 0.002 -24"><span class='ocrx_word' id='word_1_68' title='bbox 312 1404 460 1467; x_wconf 77' lang='lat' dir='ltr'><strong>menime</strong></span> <span class='ocrx_word' id='word_1_69' title='bbox 474 1404 661 1488; x_wconf 88' lang='lat' dir='ltr'><strong>proprium)</strong></span> <span class='ocrx_word' id='word_1_70' title='bbox 680 1422 896 1489; x_wconf 89' lang='lat' dir='ltr'><strong>quocumque</strong></span> <span class='ocrx_word' id='word_1_71' title='bbox 913 1393 971 1470; x_wconf 73' lang='lat' dir='ltr'><strong>&#39;res</strong></span> <span class='ocrx_word' id='word_1_72' title='bbox 994 1404 1197 1491; x_wconf 74' lang='lat' dir='ltr'><strong>postularet,</strong></span> <span class='ocrx_word' id='word_1_73' title='bbox 1212 1404 1416 1487; x_wconf 75' lang='lat' dir='ltr'><strong>impellere.¹</strong></span> 
     </span>
     <span class='ocr_line' id='line_1_11' title="bbox 315 1505 1415 1594; baseline 0.002 -25"><span class='ocrx_word' id='word_1_74' title='bbox 315 1518 423 1569; x_wconf 80' lang='lat' dir='ltr'><strong>xciv.</strong></span> <span class='ocrx_word' id='word_1_75' title='bbox 436 1506 513 1570; x_wconf 74' lang='lat'><strong>323.</strong></span> <span class='ocrx_word' id='word_1_76' title='bbox 536 1505 668 1591; x_wconf 83' lang='lat' dir='ltr'><strong>Itaque,</strong></span> <span class='ocrx_word' id='word_1_77' title='bbox 679 1525 756 1572; x_wconf 90' lang='lat' dir='ltr'><strong>cum</strong></span> <span class='ocrx_word' id='word_1_78' title='bbox 768 1508 840 1591; x_wconf 81' lang='lat' dir='ltr'><strong>jam</strong></span> <span class='ocrx_word' id='word_1_79' title='bbox 855 1528 954 1594; x_wconf 81' lang='lat' dir='ltr'><strong>prone</strong></span> <span class='ocrx_word' id='word_1_80' title='bbox 963 1510 1182 1574; x_wconf 77' lang='lat' dir='ltr'><strong>evanuisset‘</strong></span> <span class='ocrx_word' id='word_1_81' title='bbox 1196 1508 1415 1585; x_wconf 73' lang='lat' dir='ltr'><strong>Hortensius,</strong></span> 
     </span>
     <span class='ocr_line' id='line_1_12' title="bbox 313 1610 1416 1695; baseline 0.002 -22"><span class='ocrx_word' id='word_1_82' title='bbox 313 1615 348 1673; x_wconf 83' lang='lat' dir='ltr'><strong>et</strong></span> <span class='ocrx_word' id='word_1_83' title='bbox 361 1627 426 1692; x_wconf 76' lang='lat' dir='ltr'><strong>ego</strong></span> <span class='ocrx_word' id='word_1_84' title='bbox 442 1628 530 1674; x_wconf 86' lang='lat' dir='ltr'><strong>nouo</strong></span> <span class='ocrx_word' id='word_1_85' title='bbox 545 1610 643 1689; x_wconf 77' lang='lat' dir='ltr'><strong>meo,²</strong></span> <span class='ocrx_word' id='word_1_86' title='bbox 663 1619 765 1676; x_wconf 80' lang='lat' dir='ltr'><strong>sexto</strong></span> <span class='ocrx_word' id='word_1_87' title='bbox 789 1616 902 1677; x_wconf 85' lang='lat' dir='ltr'><strong>nutem</strong></span> <span class='ocrx_word' id='word_1_88' title='bbox 922 1619 1003 1695; x_wconf 89' lang='lat' dir='ltr'><strong>post</strong></span> <span class='ocrx_word' id='word_1_89' title='bbox 1020 1612 1112 1677; x_wconf 88' lang='lat' dir='ltr'><strong>illum</strong></span> <span class='ocrx_word' id='word_1_90' title='bbox 1130 1613 1315 1690; x_wconf 83' lang='lat' dir='ltr'><strong>consulem,</strong></span> <span class='ocrx_word' id='word_1_91' title='bbox 1329 1631 1416 1677; x_wconf 88' lang='lat' dir='ltr'><strong>con·</strong></span> 
     </span>
     <span class='ocr_line' id='line_1_13' title="bbox 314 1708 1415 1797; baseline 0 -18"><span class='ocrx_word' id='word_1_92' title='bbox 314 1708 368 1779; x_wconf 78' lang='lat' dir='ltr'><strong>sui</strong></span> <span class='ocrx_word' id='word_1_93' title='bbox 390 1712 502 1777; x_wconf 81' lang='lat' dir='ltr'><strong>iactus</strong></span> <span class='ocrx_word' id='word_1_94' title='bbox 528 1730 648 1789; x_wconf 79' lang='lat' dir='ltr'><strong>essem,</strong></span> <span class='ocrx_word' id='word_1_95' title='bbox 674 1732 831 1779; x_wconf 81' lang='lat' dir='ltr'><strong>reuocare</strong></span> <span class='ocrx_word' id='word_1_96' title='bbox 858 1732 897 1778; x_wconf 89' lang='lat' dir='ltr'><strong>se</strong></span> <span class='ocrx_word' id='word_1_97' title='bbox 922 1714 967 1778; x_wconf 88' lang='lat' dir='ltr'><strong>ud</strong></span> <span class='ocrx_word' id='word_1_98' title='bbox 987 1714 1185 1779; x_wconf 83' lang='lat' dir='ltr'><strong>industriam</strong></span> <span class='ocrx_word' id='word_1_99' title='bbox 1207 1716 1336 1797; x_wconf 81' lang='lat' dir='ltr'><strong>ooepit3</strong></span> <span class='ocrx_word' id='word_1_100' title='bbox 1360 1734 1415 1793; x_wconf 88' lang='lat' dir='ltr'><strong>ne,</strong></span> 
     </span>
     <span class='ocr_line' id='line_1_14' title="bbox 313 1815 1413 1902; baseline 0.005 -24"><span class='ocrx_word' id='word_1_101' title='bbox 313 1832 389 1878; x_wconf 90' lang='lat' dir='ltr'><strong>cum</strong></span> <span class='ocrx_word' id='word_1_102' title='bbox 405 1834 503 1899; x_wconf 88' lang='lat' dir='ltr'><strong>pares</strong></span> <span class='ocrx_word' id='word_1_103' title='bbox 517 1815 644 1880; x_wconf 88' lang='lat' dir='ltr'><strong>honore</strong></span> <span class='ocrx_word' id='word_1_104' title='bbox 657 1834 820 1895; x_wconf 86' lang='lat' dir='ltr'><strong>essemus,</strong></span> <span class='ocrx_word' id='word_1_105' title='bbox 835 1818 953 1902; x_wconf 85' lang='lat' dir='ltr'><strong>aliqua</strong></span> <span class='ocrx_word' id='word_1_106' title='bbox 962 1836 998 1882; x_wconf 90' lang='lat' dir='ltr'><strong>re</strong></span> <span class='ocrx_word' id='word_1_107' title='bbox 1013 1816 1204 1901; x_wconf 84' lang='lat' dir='ltr'><strong>superiores</strong></span> <span class='ocrx_word' id='word_1_108' title='bbox 1214 1818 1413 1883; x_wconf 80' lang='lat' dir='ltr'><strong>videremur.</strong></span> 
     </span>
     <span class='ocr_line' id='line_1_15' title="bbox 314 1916 1414 2003; baseline 0.002 -21"><span class='ocrx_word' id='word_1_109' title='bbox 314 1916 374 1982; x_wconf 83' lang='lat' dir='ltr'><strong>Sic</strong></span> <span class='ocrx_word' id='word_1_110' title='bbox 397 1918 574 1983; x_wconf 87' lang='lat' dir='ltr'><strong>duodecim</strong></span> <span class='ocrx_word' id='word_1_111' title='bbox 601 1925 680 2003; x_wconf 88' lang='lat' dir='ltr'><strong>post</strong></span> <span class='ocrx_word' id='word_1_112' title='bbox 703 1938 812 1985; x_wconf 88' lang='lat' dir='ltr'><strong>meum</strong></span> <span class='ocrx_word' id='word_1_113' title='bbox 834 1921 1048 1985; x_wconf 87' lang='lat' dir='ltr'><strong>consolatum</strong></span> <span class='ocrx_word' id='word_1_114' title='bbox 1070 1938 1176 1984; x_wconf 85' lang='lat' dir='ltr'><strong>nonos</strong></span> <span class='ocrx_word' id='word_1_115' title='bbox 1198 1921 1231 1983; x_wconf 89' lang='lat' dir='ltr'><strong>iu</strong></span> <span class='ocrx_word' id='word_1_116' title='bbox 1251 1921 1414 1986; x_wconf 82' lang='lat' dir='ltr'><strong>maximis</strong></span> 
     </span>
     <span class='ocr_line' id='line_1_16' title="bbox 314 2021 1415 2107; baseline 0.003 -22"><span class='ocrx_word' id='word_1_117' title='bbox 314 2022 441 2099; x_wconf 83' lang='lat' dir='ltr'><strong>cousin,</strong></span> <span class='ocrx_word' id='word_1_118' title='bbox 457 2040 534 2085; x_wconf 87' lang='lat' dir='ltr'><strong>cunr</strong></span> <span class='ocrx_word' id='word_1_119' title='bbox 549 2040 612 2102; x_wconf 80' lang='lat' dir='ltr'><strong>ego</strong></span> <span class='ocrx_word' id='word_1_120' title='bbox 627 2021 709 2085; x_wconf 89' lang='lat' dir='ltr'><strong>mihi</strong></span> <span class='ocrx_word' id='word_1_121' title='bbox 724 2022 828 2100; x_wconf 90' lang='lat' dir='ltr'><strong>illum,</strong></span> <span class='ocrx_word' id='word_1_122' title='bbox 843 2022 972 2088; x_wconf 84' lang='lat' dir='ltr'><strong>sibime</strong></span> <span class='ocrx_word' id='word_1_123' title='bbox 983 2022 1039 2087; x_wconf 89' lang='lat' dir='ltr'><strong>ilie</strong></span> <span class='ocrx_word' id='word_1_124' title='bbox 1050 2024 1236 2100; x_wconf 76' lang='lat' dir='ltr'><strong>anteferret,</strong></span> <span class='ocrx_word' id='word_1_125' title='bbox 1250 2022 1415 2107; x_wconf 85' lang='lat' dir='ltr'><strong>conjunc·</strong></span> 
     </span>
     <span class='ocr_line' id='line_1_17' title="bbox 314 2123 1414 2209; baseline 0 -20"><span class='ocrx_word' id='word_1_126' title='bbox 314 2123 443 2189; x_wconf 88' lang='lat' dir='ltr'><strong>tissime</strong></span> <span class='ocrx_word' id='word_1_127' title='bbox 471 2126 596 2189; x_wconf 85' lang='lat' dir='ltr'><strong>uersati</strong></span> <span class='ocrx_word' id='word_1_128' title='bbox 621 2141 762 2190; x_wconf 80' lang='lat' dir='ltr'><strong>sumus:</strong></span> <span class='ocrx_word' id='word_1_129' title='bbox 798 2126 1062 2209; x_wconf 86' lang='lat' dir='ltr'><strong>consolatusque</strong></span> <span class='ocrx_word' id='word_1_130' title='bbox 1092 2145 1201 2203; x_wconf 88' lang='lat' dir='ltr'><strong>meus,</strong></span> <span class='ocrx_word' id='word_1_131' title='bbox 1230 2126 1288 2209; x_wconf 88' lang='lat' dir='ltr'><strong>qui</strong></span> <span class='ocrx_word' id='word_1_132' title='bbox 1316 2126 1414 2189; x_wconf 83' lang='lat' dir='ltr'><strong>ilium</strong></span> 
     </span>
     <span class='ocr_line' id='line_1_18' title="bbox 313 2227 1415 2313; baseline 0 -22"><span class='ocrx_word' id='word_1_133' title='bbox 313 2228 422 2310; x_wconf 87' lang='lat' dir='ltr'><strong>primo</strong></span> <span class='ocrx_word' id='word_1_134' title='bbox 436 2227 555 2313; x_wconf 77' lang='lat' dir='ltr'><strong>leviter</strong></span> <span class='ocrx_word' id='word_1_135' title='bbox 570 2227 838 2312; x_wconf 67' lang='lat' dir='ltr'><strong>perstrinxerat!</strong></span> <span class='ocrx_word' id='word_1_136' title='bbox 854 2228 942 2293; x_wconf 87' lang='lat' dir='ltr'><strong>idem</strong></span> <span class='ocrx_word' id='word_1_137' title='bbox 963 2248 1027 2293; x_wconf 90' lang='lat' dir='ltr'><strong>nos</strong></span> <span class='ocrx_word' id='word_1_138' title='bbox 1050 2248 1158 2293; x_wconf 88' lang='lat' dir='ltr'><strong>rerum</strong></span> <span class='ocrx_word' id='word_1_139' title='bbox 1174 2243 1323 2292; x_wconf 89' lang='lat' dir='ltr'><strong>mearum</strong></span> <span class='ocrx_word' id='word_1_140' title='bbox 1337 2248 1415 2308; x_wconf 72' lang='lat' dir='ltr'><strong>ges-</strong></span> 
     </span>
     <span class='ocr_line' id='line_1_19' title="bbox 314 2330 1412 2415; baseline 0.001 -22"><span class='ocrx_word' id='word_1_141' title='bbox 314 2335 448 2407; x_wconf 66' lang='lat' dir='ltr'><strong>tunm</strong></span> <span class='ocrx_word' id='word_1_142' title='bbox 470 2349 555 2414; x_wconf 85' lang='lat' dir='ltr'><strong>quas</strong></span> <span class='ocrx_word' id='word_1_143' title='bbox 578 2330 635 2395; x_wconf 90' lang='lat' dir='ltr'><strong>iiie</strong></span> <span class='ocrx_word' id='word_1_144' title='bbox 664 2331 903 2407; x_wconf 75' lang='lat' dir='ltr'><strong>admirabatur,</strong></span> <span class='ocrx_word' id='word_1_145' title='bbox 933 2330 1035 2396; x_wconf 88' lang='lat' dir='ltr'><strong>laude</strong></span> <span class='ocrx_word' id='word_1_146' title='bbox 1058 2330 1289 2415; x_wconf 80' lang='lat' dir='ltr'><strong>conjunxerat</strong></span> <span class='ocrx_word' id='word_1_147' title='bbox 1331 2331 1412 2397; x_wconf 76' lang='lat'><strong>324.</strong></span> 
     </span>
     <span class='ocr_line' id='line_1_20' title="bbox 315 2431 1412 2519; baseline 0 -21"><span class='ocrx_word' id='word_1_148' title='bbox 315 2431 468 2498; x_wconf 86' lang='lat' dir='ltr'><strong>Maxime</strong></span> <span class='ocrx_word' id='word_1_149' title='bbox 481 2453 561 2500; x_wconf 85' lang='lat' dir='ltr'><strong>vero</strong></span> <span class='ocrx_word' id='word_1_150' title='bbox 586 2444 765 2518; x_wconf 83' lang='lat' dir='ltr'><strong>perspecta</strong></span> <span class='ocrx_word' id='word_1_151' title='bbox 785 2446 839 2501; x_wconf 90' lang='lat' dir='ltr'><strong>est</strong></span> <span class='ocrx_word' id='word_1_152' title='bbox 859 2436 1031 2519; x_wconf 87' lang='lat' dir='ltr'><strong>utriusque</strong></span> <span class='ocrx_word' id='word_1_153' title='bbox 1045 2444 1196 2500; x_wconf 89' lang='lat' dir='ltr'><strong>nostrum</strong></span> <span class='ocrx_word' id='word_1_154' title='bbox 1211 2434 1412 2499; x_wconf 81' lang='lat' dir='ltr'><strong>exercitatio</strong></span> 
     </span>
     <span class='ocr_line' id='line_1_21' title="bbox 314 2535 1411 2622; baseline 0.001 -22"><span class='ocrx_word' id='word_1_155' title='bbox 314 2535 416 2620; x_wconf 81' lang='lat' dir='ltr'><strong>paulo</strong></span> <span class='ocrx_word' id='word_1_156' title='bbox 435 2545 519 2614; x_wconf 87' lang='lat' dir='ltr'><strong>ante,</strong></span> <span class='ocrx_word' id='word_1_157' title='bbox 546 2557 647 2622; x_wconf 88' lang='lat' dir='ltr'><strong>quam</strong></span> <span class='ocrx_word' id='word_1_158' title='bbox 669 2541 877 2621; x_wconf 88' lang='lat' dir='ltr'><strong>perterritum</strong></span> <span class='ocrx_word' id='word_1_159' title='bbox 891 2537 1016 2602; x_wconf 72' lang='lat' dir='ltr'><strong>armis*</strong></span> <span class='ocrx_word' id='word_1_160' title='bbox 1036 2538 1102 2602; x_wconf 90' lang='lat' dir='ltr'><strong>hoc</strong></span> <span class='ocrx_word' id='word_1_161' title='bbox 1118 2539 1278 2615; x_wconf 85' lang='lat' dir='ltr'><strong>studium,</strong></span> <span class='ocrx_word' id='word_1_162' title='bbox 1294 2537 1411 2614; x_wconf 89' lang='lat' dir='ltr'><strong>Brute,</strong></span> 
     </span>
     <span class='ocr_line' id='line_1_22' title="bbox 313 2639 1412 2725; baseline 0.005 -24"><span class='ocrx_word' id='word_1_163' title='bbox 313 2648 459 2704; x_wconf 84' lang='lat' dir='ltr'><strong>nostrum</strong></span> <span class='ocrx_word' id='word_1_164' title='bbox 477 2641 639 2705; x_wconf 87' lang='lat' dir='ltr'><strong>conticuit</strong></span> <span class='ocrx_word' id='word_1_165' title='bbox 653 2641 767 2705; x_wconf 86' lang='lat' dir='ltr'><strong>subito</strong></span> <span class='ocrx_word' id='word_1_166' title='bbox 779 2648 813 2705; x_wconf 88' lang='lat' dir='ltr'><strong>et</strong></span> <span class='ocrx_word' id='word_1_167' title='bbox 833 2640 1019 2706; x_wconf 82' lang='lat' dir='ltr'><strong>obmutuit:</strong></span> <span class='ocrx_word' id='word_1_168' title='bbox 1043 2642 1206 2725; x_wconf 76' lang='lat' dir='ltr'><strong>comlege</strong></span> <span class='ocrx_word' id='word_1_169' title='bbox 1219 2639 1412 2724; x_wconf 75' lang='lat' dir='ltr'><strong>Pompeiau</strong></span> 
     </span>
     <span class='ocr_line' id='line_1_23' title="bbox 315 2740 1412 2821; baseline 0.004 -18"><span class='ocrx_word' id='word_1_170' title='bbox 315 2743 416 2804; x_wconf 87' lang='lat' dir='ltr'><strong>ternis</strong></span> <span class='ocrx_word' id='word_1_171' title='bbox 430 2740 521 2804; x_wconf 87' lang='lat' dir='ltr'><strong>horis</strong></span> <span class='ocrx_word' id='word_1_172' title='bbox 537 2743 579 2806; x_wconf 87' lang='lat' dir='ltr'><strong>ad</strong></span> <span class='ocrx_word' id='word_1_173' title='bbox 595 2742 770 2808; x_wconf 90' lang='lat' dir='ltr'><strong>dicendum</strong></span> <span class='ocrx_word' id='word_1_174' title='bbox 786 2743 899 2821; x_wconf 88' lang='lat' dir='ltr'><strong>datis,·&#39;</strong></span> <span class='ocrx_word' id='word_1_175' title='bbox 921 2743 964 2809; x_wconf 91' lang='lat' dir='ltr'><strong>ad</strong></span> <span class='ocrx_word' id='word_1_176' title='bbox 980 2763 1104 2810; x_wconf 84' lang='lat' dir='ltr'><strong>causas</strong></span> <span class='ocrx_word' id='word_1_177' title='bbox 1120 2743 1308 2809; x_wconf 86' lang='lat' dir='ltr'><strong>simillimas</strong></span> <span class='ocrx_word' id='word_1_178' title='bbox 1323 2744 1412 2808; x_wconf 87' lang='lat' dir='ltr'><strong>inter</strong></span> 
     </span>
     <span class='ocr_line' id='line_1_24' title="bbox 315 2843 1412 2931; baseline 0.004 -25"><span class='ocrx_word' id='word_1_179' title='bbox 315 2861 365 2919; x_wconf 83' lang='lat' dir='ltr'><strong>se,</strong></span> <span class='ocrx_word' id='word_1_180' title='bbox 380 2845 435 2908; x_wconf 84' lang='lat' dir='ltr'><strong>uei</strong></span> <span class='ocrx_word' id='word_1_181' title='bbox 450 2844 564 2928; x_wconf 88' lang='lat' dir='ltr'><strong>potius</strong></span> <span class='ocrx_word' id='word_1_182' title='bbox 578 2843 724 2924; x_wconf 89' lang='lat' dir='ltr'><strong>easdem,</strong></span> <span class='ocrx_word' id='word_1_183' title='bbox 738 2849 835 2914; x_wconf 70' lang='lat' dir='ltr'><strong>novis·</strong></span> <span class='ocrx_word' id='word_1_184' title='bbox 855 2849 1073 2913; x_wconf 80' lang='lat' dir='ltr'><strong>veniebamus</strong></span> <span class='ocrx_word' id='word_1_185' title='bbox 1092 2848 1260 2931; x_wconf 87' lang='lat' dir='ltr'><strong>quotidie:</strong></span> <span class='ocrx_word' id='word_1_186' title='bbox 1285 2847 1412 2930; x_wconf 89' lang='lat' dir='ltr'><strong>quibus</strong></span> 
     </span>
     <span class='ocr_line' id='line_1_25' title="bbox 315 2945 1412 3038; baseline 0.004 -28"><span class='ocrx_word' id='word_1_187' title='bbox 315 2945 451 3030; x_wconf 88' lang='lat' dir='ltr'><strong>quidem</strong></span> <span class='ocrx_word' id='word_1_188' title='bbox 468 2947 583 3013; x_wconf 84' lang='lat' dir='ltr'><strong>causis</strong></span> <span class='ocrx_word' id='word_1_189' title='bbox 600 2954 634 3014; x_wconf 83' lang='lat' dir='ltr'><strong>tn</strong></span> <span class='ocrx_word' id='word_1_190' title='bbox 649 2950 762 3028; x_wconf 84' lang='lat' dir='ltr'><strong>etiam,</strong></span> <span class='ocrx_word' id='word_1_191' title='bbox 773 2949 893 3031; x_wconf 85' lang='lat' dir='ltr'><strong>Brute,</strong></span> <span class='ocrx_word' id='word_1_192' title='bbox 914 2958 1039 3038; x_wconf 79' lang='lat' dir='ltr'><strong>proesto</strong></span> <span class='ocrx_word' id='word_1_193' title='bbox 1061 2951 1184 3028; x_wconf 65' lang='lat' dir='ltr'><strong>inisti*</strong></span> <span class='ocrx_word' id='word_1_194' title='bbox 1205 2950 1412 3034; x_wconf 75' lang='lat' dir='ltr'><strong>complures·</strong></span> 
     </span>
     <span class='ocr_line' id='line_1_26' title="bbox 315 3049 1411 3138; baseline 0.004 -26"><span class='ocrx_word' id='word_1_195' title='bbox 315 3067 382 3132; x_wconf 89' lang='lat' dir='ltr'><strong>que</strong></span> <span class='ocrx_word' id='word_1_196' title='bbox 394 3057 427 3116; x_wconf 91' lang='lat' dir='ltr'><strong>ct</strong></span> <span class='ocrx_word' id='word_1_197' title='bbox 441 3049 630 3130; x_wconf 86' lang='lat' dir='ltr'><strong>nobiscum,</strong></span> <span class='ocrx_word' id='word_1_198' title='bbox 646 3059 681 3116; x_wconf 85' lang='lat' dir='ltr'><strong>et</strong></span> <span class='ocrx_word' id='word_1_199' title='bbox 696 3053 789 3118; x_wconf 85' lang='lat' dir='ltr'><strong>solus</strong></span> <span class='ocrx_word' id='word_1_200' title='bbox 803 3053 920 3136; x_wconf 71' lang='lat' dir='ltr'><strong>egisti:</strong></span> <span class='ocrx_word' id='word_1_201' title='bbox 934 3063 984 3134; x_wconf 88' lang='lat' dir='ltr'><strong>ut,</strong></span> <span class='ocrx_word' id='word_1_202' title='bbox 1003 3053 1062 3138; x_wconf 86' lang='lat' dir='ltr'><strong>qui</strong></span> <span class='ocrx_word' id='word_1_203' title='bbox 1077 3073 1145 3117; x_wconf 90' lang='lat' dir='ltr'><strong>non</strong></span> <span class='ocrx_word' id='word_1_204' title='bbox 1160 3054 1245 3118; x_wconf 83' lang='lat' dir='ltr'><strong>satis</strong></span> <span class='ocrx_word' id='word_1_205' title='bbox 1259 3052 1317 3116; x_wconf 91' lang='lat' dir='ltr'><strong>diu</strong></span> <span class='ocrx_word' id='word_1_206' title='bbox 1334 3054 1411 3116; x_wconf 82' lang='lat' dir='ltr'><strong>vix·</strong></span> 
     </span>
    </p>
   </div>
   <div class='ocr_carea' id='block_1_3' title="bbox 317 3257 1378 3517">
    <p class='ocr_par' dir='ltr' id='par_1_3' title="bbox 317 3257 1063 3326">
     <span class='ocr_line' id='line_1_27' title="bbox 317 3257 1063 3326; baseline 0.008 -22"><span class='ocrx_word' id='word_1_207' title='bbox 317 3281 321 3288; x_wconf 43' lang='lat' dir='ltr'><em>v</em></span> <span class='ocrx_word' id='word_1_208' title='bbox 346 3265 356 3290; x_wconf 75' lang='lat'><strong><em>⁴</em></strong></span> <span class='ocrx_word' id='word_1_209' title='bbox 376 3257 754 3320; x_wconf 68' lang='lat' dir='ltr'><strong>Cartmintrdrgrsrrooirrct.</strong></span> <span class='ocrx_word' id='word_1_210' title='bbox 880 3260 1063 3326; x_wconf 73' lang='lat' dir='ltr'><strong>lOffrsderrt.</strong></span> 
     </span>
    </p>

    <p class='ocr_par' dir='ltr' id='par_1_4' title="bbox 318 3324 1378 3517">
     <span class='ocr_line' id='line_1_28' title="bbox 345 3324 1057 3384; baseline 0.006 -14"><span class='ocrx_word' id='word_1_211' title='bbox 345 3331 359 3364; x_wconf 72' lang='grc' dir='ltr'><em>τ</em></span> <span class='ocrx_word' id='word_1_212' title='bbox 378 3324 521 3372; x_wconf 74' lang='lat' dir='ltr'><strong>Guamlotru</strong></span> <span class='ocrx_word' id='word_1_213' title='bbox 530 3324 638 3372; x_wconf 74' lang='lat' dir='ltr'><strong>extincto</strong></span> <span class='ocrx_word' id='word_1_214' title='bbox 653 3326 814 3384; x_wconf 74' lang='lat' dir='ltr'><strong>conjuratione</strong></span> <span class='ocrx_word' id='word_1_215' title='bbox 825 3327 938 3376; x_wconf 71' lang='lat' dir='ltr'><strong>cortun</strong></span> <span class='ocrx_word' id='word_1_216' title='bbox 947 3328 1057 3377; x_wconf 64' lang='lat' dir='ltr'><strong>ceum.</strong></span> 
     </span>
     <span class='ocr_line' id='line_1_29' title="bbox 320 3384 1378 3455; baseline 0.008 -21"><span class='ocrx_word' id='word_1_217' title='bbox 320 3384 919 3455; x_wconf 70' lang='lat' dir='ltr'><strong>·⁸ctcttttettocmrmiareer1²mpeim.</strong></span> <span class='ocrx_word' id='word_1_218' title='bbox 993 3391 1378 3453; x_wconf 58' lang='lat' dir='ltr'><strong>‘Deformrmr&#39;ar&#39;rsrrrrrtori-</strong></span> 
     </span>
     <span class='ocr_line' id='line_1_30' title="bbox 318 3452 1034 3517; baseline 0.01 -18"><span class='ocrx_word' id='word_1_219' title='bbox 318 3477 323 3486; x_wconf 91' lang='lat'><em>·</em></span> <span class='ocrx_word' id='word_1_220' title='bbox 347 3452 450 3502; x_wconf 65' lang='lat' dir='ltr'><strong>&#39;Nouis</strong></span> <span class='ocrx_word' id='word_1_221' title='bbox 459 3453 573 3502; x_wconf 80' lang='lat' dir='ltr'><strong>instructi</strong></span> <span class='ocrx_word' id='word_1_222' title='bbox 581 3455 733 3505; x_wconf 74' lang='lat' dir='ltr'><strong>orationibus.</strong></span> <span class='ocrx_word' id='word_1_223' title='bbox 769 3467 775 3478; x_wconf 85' lang='grc'><strong>’</strong></span> <span class='ocrx_word' id='word_1_224' title='bbox 860 3455 1034 3517; x_wconf 60' lang='lat' dir='ltr'><strong>*interfecisti</strong></span> 
     </span>
    </p>
   </div>
   <div class='ocr_carea' id='block_1_4' title="bbox 773 3590 953 3612">
    <p class='ocr_par' dir='ltr' id='par_1_5' title="bbox 773 3590 953 3612">
     <span class='ocr_line' id='line_1_31' title="bbox 773 3590 953 3612; baseline 0.022 -3"><span class='ocrx_word' id='word_1_225' title='bbox 773 3590 953 3612; x_wconf 58' lang='lat' dir='ltr'><strong>”emanue</strong></span> 
     </span>
    </p>
   </div>
   <div class='ocr_carea' id='block_1_5' title="bbox 314 3679 1412 3876">
    <p class='ocr_par' dir='ltr' id='par_1_6' title="bbox 314 3679 1412 3876">
     <span class='ocr_line' id='line_1_32' title="bbox 314 3679 1409 3750; baseline 0.004 -18"><span class='ocrx_word' id='word_1_226' title='bbox 314 3681 421 3732; x_wconf 76' lang='lat' dir='ltr'><strong>Scitote.</strong></span> <span class='ocrx_word' id='word_1_227' title='bbox 433 3679 576 3742; x_wconf 80' lang='lat' dir='ltr'><strong>surpicrtns</strong></span> <span class='ocrx_word' id='word_1_228' title='bbox 593 3690 633 3730; x_wconf 88' lang='lat' dir='ltr'><strong>ert</strong></span> <span class='ocrx_word' id='word_1_229' title='bbox 650 3681 774 3733; x_wconf 75' lang='lat' dir='ltr'><strong>iduum-7</strong></span> <span class='ocrx_word' id='word_1_230' title='bbox 792 3683 875 3735; x_wconf 80' lang='lat' dir='ltr'><strong>codd.</strong></span> <span class='ocrx_word' id='word_1_231' title='bbox 887 3693 914 3734; x_wconf 89' lang='lat' dir='ltr'><strong>et</strong></span> <span class='ocrx_word' id='word_1_232' title='bbox 926 3684 984 3733; x_wconf 86' lang='lat' dir='ltr'><strong>edd.</strong></span> <span class='ocrx_word' id='word_1_233' title='bbox 998 3693 1057 3733; x_wconf 83' lang='lat' dir='ltr'><strong>rute</strong></span> <span class='ocrx_word' id='word_1_234' title='bbox 1070 3685 1173 3734; x_wconf 83' lang='lat' dir='ltr'><strong>Ernesti</strong></span> <span class='ocrx_word' id='word_1_235' title='bbox 1187 3687 1328 3741; x_wconf 76' lang='lat' dir='ltr'><strong>traduceret,</strong></span> <span class='ocrx_word' id='word_1_236' title='bbox 1338 3685 1409 3750; x_wconf 86' lang='lat' dir='ltr'><strong>quod</strong></span> 
     </span>
     <span class='ocr_line' id='line_1_33' title="bbox 317 3745 1412 3814; baseline 0.004 -18"><span class='ocrx_word' id='word_1_237' title='bbox 317 3747 424 3796; x_wconf 76' lang='lat' dir='ltr'><strong>‘retinnit</strong></span> <span class='ocrx_word' id='word_1_238' title='bbox 434 3745 515 3796; x_wconf 67' lang='lat' dir='ltr'><strong>oseti.</strong></span> <span class='ocrx_word' id='word_1_239' title='bbox 539 3753 656 3796; x_wconf 77' lang='lat' dir='ltr'><strong>reuocaret</strong></span> <span class='ocrx_word' id='word_1_240' title='bbox 669 3747 737 3810; x_wconf 89' lang='lat' dir='ltr'><strong>conj.</strong></span> <span class='ocrx_word' id='word_1_241' title='bbox 748 3749 902 3800; x_wconf 66' lang='lat' dir='ltr'><strong>Scitote-8</strong></span> <span class='ocrx_word' id='word_1_242' title='bbox 919 3749 1005 3802; x_wconf 83' lang='lat' dir='ltr'><strong>Codd.</strong></span> <span class='ocrx_word' id='word_1_243' title='bbox 1023 3757 1050 3800; x_wconf 87' lang='lat' dir='ltr'><strong>et</strong></span> <span class='ocrx_word' id='word_1_244' title='bbox 1069 3749 1129 3799; x_wconf 89' lang='lat' dir='ltr'><strong>edd.</strong></span> <span class='ocrx_word' id='word_1_245' title='bbox 1141 3759 1201 3800; x_wconf 87' lang='lat' dir='ltr'><strong>ante</strong></span> <span class='ocrx_word' id='word_1_246' title='bbox 1213 3750 1328 3814; x_wconf 80' lang='lat' dir='ltr'><strong>Ernesti,</strong></span> <span class='ocrx_word' id='word_1_247' title='bbox 1343 3751 1412 3802; x_wconf 83' lang='lat' dir='ltr'><strong>item</strong></span> 
     </span>
     <span class='ocr_line' id='line_1_34' title="bbox 315 3809 830 3876; baseline 0.004 -14"><span class='ocrx_word' id='word_1_248' title='bbox 315 3811 513 3863; x_wconf 66' lang='lat' dir='ltr'><strong>scrutemur.</strong></span> <span class='ocrx_word' id='word_1_249' title='bbox 525 3817 553 3860; x_wconf 88' lang='lat' dir='ltr'><strong>et</strong></span> <span class='ocrx_word' id='word_1_250' title='bbox 567 3809 680 3860; x_wconf 82' lang='lat' dir='ltr'><strong>Eiieudt.</strong></span> <span class='ocrx_word' id='word_1_251' title='bbox 691 3813 830 3876; x_wconf 82' lang='lat' dir='ltr'><strong>impeiieret.</strong></span> 
     </span>
    </p>
   </div>
   <div class='ocr_carea' id='block_1_6' title="bbox 806 3983 917 4036">
    <p class='ocr_par' dir='ltr' id='par_1_7' title="bbox 806 3983 917 4036">
     <span class='ocr_line' id='line_1_35' title="bbox 806 3983 917 4036; baseline -0.018 0"><span class='ocrx_word' id='word_1_252' title='bbox 806 3983 917 4036; x_wconf 82' lang='lat' dir='ltr'><strong>NO&#39;i&#39;AE</strong></span> 
     </span>
    </p>
   </div>
   <div class='ocr_carea' id='block_1_7' title="bbox 315 4087 1413 4380">
    <p class='ocr_par' dir='ltr' id='par_1_8' title="bbox 315 4087 1206 4156">
     <span class='ocr_line' id='line_1_36' title="bbox 315 4087 1206 4156; baseline -0.002 -14"><span class='ocrx_word' id='word_1_253' title='bbox 315 4107 361 4156; x_wconf 85' lang='lat' dir='ltr'><strong>pro</strong></span> <span class='ocrx_word' id='word_1_254' title='bbox 374 4089 456 4142; x_wconf 79' lang='lat' dir='ltr'><strong>Coeiio</strong></span> <span class='ocrx_word' id='word_1_255' title='bbox 474 4087 617 4138; x_wconf 73' lang='lat' dir='ltr'><strong>redivivum</strong></span> <span class='ocrx_word' id='word_1_256' title='bbox 635 4087 750 4152; x_wconf 77' lang='lat' dir='ltr'><strong>Appium</strong></span> <span class='ocrx_word' id='word_1_257' title='bbox 766 4090 843 4140; x_wconf 79' lang='lat' dir='ltr'><strong>indu·</strong></span> <span class='ocrx_word' id='word_1_258' title='bbox 881 4095 940 4142; x_wconf 73' lang='lat'><strong>⁸01.</strong></span> <span class='ocrx_word' id='word_1_259' title='bbox 950 4091 1152 4143; x_wconf 76' lang='lat' dir='ltr'><strong>antecurirtutu</strong></span> <span class='ocrx_word' id='word_1_260' title='bbox 1161 4096 1206 4140; x_wconf 74' lang='lat' dir='ltr'><strong>ot.</strong></span> 
     </span>
    </p>

    <p class='ocr_par' dir='ltr' id='par_1_9' title="bbox 315 4165 1413 4308">
     <span class='ocr_line' id='line_1_37' title="bbox 315 4165 1413 4233; baseline 0.002 -15"><span class='ocrx_word' id='word_1_261' title='bbox 315 4169 362 4223; x_wconf 85' lang='lat' dir='ltr'><strong>eit,</strong></span> <span class='ocrx_word' id='word_1_262' title='bbox 373 4167 416 4231; x_wconf 81' lang='lat' dir='ltr'><strong>qni</strong></span> <span class='ocrx_word' id='word_1_263' title='bbox 429 4165 547 4218; x_wconf 80' lang='lat' dir='ltr'><strong>Ciodirm</strong></span> <span class='ocrx_word' id='word_1_264' title='bbox 565 4180 580 4214; x_wconf 88' lang='lat' dir='ltr'><strong>u</strong></span> <span class='ocrx_word' id='word_1_265' title='bbox 594 4166 716 4229; x_wconf 81' lang='lat' dir='ltr'><strong>majorum</strong></span> <span class='ocrx_word' id='word_1_266' title='bbox 728 4168 844 4217; x_wconf 78' lang='lat' dir='ltr'><strong>uteribus</strong></span> <span class='ocrx_word' id='word_1_267' title='bbox 914 4176 926 4202; x_wconf 80' lang='lat'>⁸</span> <span class='ocrx_word' id='word_1_268' title='bbox 942 4169 1006 4231; x_wconf 65' lang='lat' dir='ltr'><strong>tage</strong></span> <span class='ocrx_word' id='word_1_269' title='bbox 1020 4167 1147 4232; x_wconf 59' lang='lat' dir='ltr'><strong>Pom]</strong></span> <span class='ocrx_word' id='word_1_270' title='bbox 1164 4169 1207 4218; x_wconf 81' lang='lat' dir='ltr'><strong>De</strong></span> <span class='ocrx_word' id='word_1_271' title='bbox 1221 4181 1274 4232; x_wconf 80' lang='lat' dir='ltr'><strong>qua</strong></span> <span class='ocrx_word' id='word_1_272' title='bbox 1289 4169 1413 4233; x_wconf 61' lang='lat' dir='ltr'><strong>“pariet</strong></span> 
     </span>
     <span class='ocr_line' id='line_1_38' title="bbox 315 4243 965 4308; baseline 0.003 -15"><span class='ocrx_word' id='word_1_273' title='bbox 315 4243 481 4293; x_wconf 75' lang='lat' dir='ltr'><strong>deiiciectem</strong></span> <span class='ocrx_word' id='word_1_274' title='bbox 491 4243 749 4307; x_wconf 59' lang='lat' dir='ltr'><strong>objurgetitme.</strong></span> <span class='ocrx_word' id='word_1_275' title='bbox 881 4246 965 4308; x_wconf 65' lang='lat' dir='ltr'><strong>§m</strong></span> 
     </span>
    </p>

    <p class='ocr_par' dir='ltr' id='par_1_10' title="bbox 320 4317 843 4380">
     <span class='ocr_line' id='line_1_39' title="bbox 320 4317 843 4380; baseline 0.004 -12"><span class='ocrx_word' id='word_1_276' title='bbox 320 4329 324 4358; x_wconf 73' lang='lat'>1</span> <span class='ocrx_word' id='word_1_277' title='bbox 348 4319 442 4370; x_wconf 74' lang='lat' dir='ltr'><strong>‘Anao</strong></span> <span class='ocrx_word' id='word_1_278' title='bbox 458 4317 520 4380; x_wconf 76' lang='lat' dir='ltr'><strong>oreo]</strong></span> <span class='ocrx_word' id='word_1_279' title='bbox 544 4319 676 4370; x_wconf 82' lang='lat' dir='ltr'><strong>Ciceronis</strong></span> <span class='ocrx_word' id='word_1_280' title='bbox 694 4324 735 4370; x_wconf 77' lang='lat' dir='ltr'><strong>tt.</strong></span> <span class='ocrx_word' id='word_1_281' title='bbox 758 4320 790 4370; x_wconf 84' lang='lat' dir='ltr'><strong>U.</strong></span> <span class='ocrx_word' id='word_1_282' title='bbox 809 4321 843 4370; x_wconf 85' lang='lat' dir='ltr'><strong>C.</strong></span> 
     </span>
    </p>
   </div>
   <div class='ocr_carea' id='block_1_8' title="bbox 0 0 1601 4925">
    <p class='ocr_par' dir='ltr' id='par_1_11' title="bbox 0 0 1601 4925">
     <span class='ocr_line' id='line_1_40' title="bbox 0 0 1601 4925; baseline 0 0"><span class='ocrx_word' id='word_1_283' title='bbox 0 0 1601 4925; x_wconf 95' lang='lat' dir='ltr'><strong> </strong></span> 
     </span>
    </p>
   </div>
  </div>
 </body>
</html>
