3184 4925
523 434 571 483 ns
595 432 784 491 onerose,
809 433 850 479 rr.
874 417 928 482 15.
1210 418 1276 484 975

172 580 249 648 eine
263 577 328 643 bac
337 576 495 662 judiciali
510 578 698 660 asperitate,
714 584 748 643 et
762 578 834 641 sine
849 580 1087 644 sententiarum
1097 580 1275 647 forensium

174 684 305 749 eculeis
331 680 595 765 persequendum
622 689 687 745 est.
732 680 865 745 Harum
890 689 942 746 tet
970 690 1200 766 tantarumque
1224 703 1275 750 re·

174 808 249 853 rum
264 786 426 853 videtisne
443 783 537 850 ulla⁶
551 804 626 849 csse
641 792 822 870 praecepta,
834 806 912 870 qnae
923 789 957 851 in
973 788 1099 852 artibus
1115 787 1276 854 rhetorum

175 889 407 974 reperiantur?

222 991 264 1057 In
278 990 394 1055 andern
411 990 542 1055 silentio
562 989 668 1055 multa
691 990 760 1056 alia
779 1000 945 1056 oratorem
961 991 1075 1059 officia
1088 991 1278 1078 jacuerunt,

176 1094 434 1167 cohortationes,
461 1094 720 1172 consolationes,
746 1103 942 1179 praecepta]
975 1098 1165 1163 admonita:
1198 1118 1276 1181 quac

176 1196 354 1265 tractanda
368 1203 447 1260 sunt
462 1197 574 1260 omnia
590 1197 828 1277 disertissime;
851 1199 910 1263 sed
923 1200 1035 1263 locum
1051 1218 1147 1264 soem
1163 1204 1196 1264 in
1212 1201 1278 1264 illie

178 1301 321 1372 artibus,
338 1316 414 1383 quae
431 1298 569 1364 traditae
582 1308 683 1379 stret:
704 1300 827 1366 habent
846 1301 985 1365 nullum.
1028 1305 1083 1369 tid·
1106 1303 1220 1388 Atque
1243 1305 1279 1367 in

178 1402 245 1469 bec
270 1421 389 1485 genere
414 1401 473 1465 illa
498 1420 633 1485 queque
658 1409 712 1465 est
734 1402 864 1466 infinita
888 1403 1012 1487 sylvas
1036 1406 1128 1489 qnod
1155 1406 1279 1471 oratori

177 1502 333 1588 plerique
347 1505 401 1579 (ut
422 1504 522 1568 etiam
539 1501 682 1567 Crassus
703 1504 865 1583 ostendit)
881 1506 949 1569 dno
968 1525 1089 1589 genera
1105 1507 1148 1570 ad
1164 1507 1280 1572 dicen·

177 1606 260 1671 dem
287 1606 474 1685 dederunt3
497 1623 598 1669 unum
622 1604 664 1669 de
687 1612 779 1669 certa
801 1604 1001 1692 definitaque
1024 1628 1141 1685 causa,
1161 1609 1282 1692 quales

180 1717 273 1784 sent,
296 1730 373 1793 qurc
396 1709 432 1772 in
456 1707 583 1781 litibus,
611 1726 687 1792 quae
715 1709 747 1772 in
774 1707 1067 1775 deliberationibus
1086 1720 1281 1790 versantem

180 1808 296 1886 eddat,
322 1811 354 1875 si
378 1811 460 1893 quis,
481 1811 584 1887 volet,
607 1810 707 1874 etiarn
730 1809 989 1875 laudationesz⁸
1012 1814 1166 1889 alterum,
1192 1813 1282 1895 qued

180 1912 358 1995 appellant
373 1931 490 1977 omnes
514 1912 581 1976 fere
599 1912 789 1994 scriptores,
812 1915 964 1996 explicat
986 1934 1094 1989 nemo,
1119 1914 1283 1979 infinitam

178 2015 312 2097 generis
328 2016 399 2080 sine
421 2022 583 2100 tempore,
598 2020 631 2079 et
652 2014 725 2078 sine
746 2034 901 2097 persona,
917 2019 1156 2099 quaestionem.
1202 2017 1282 2082 Hoc

182 2117 264 2201 quid
281 2122 314 2181 et
330 2124 488 2203 quantem
501 2119 559 2195 sit,
575 2136 649 2181 eum
663 2116 788 2192 dicunt,
803 2118 982 2201 intelligere
992 2119 1071 2185 mibi
1087 2140 1151 2184 non
1167 2120 1285 2184 viden·

183 2226 247 2284 tnr.
290 2218 344 2283 66.
367 2220 405 2284 Si
431 2220 520 2284 enim
551 2226 604 2284 est
627 2214 797 2292 oratoris,k
829 2240 1050 2305 quaecamque
1078 2242 1133 2287 res
1158 2223 1284 2288 infinite

184 2321 297 2405 posita
312 2323 367 2398 sit,
379 2321 423 2385 de
437 2329 503 2386 ea⁹
525 2340 627 2405 posse
642 2320 777 2401 dicere;
801 2320 977 2388 dicendum
1001 2326 1064 2390 crit
1087 2326 1131 2399 ei,
1156 2333 1285 2409 quanta

181 2422 232 2488 sit
256 2422 341 2488 solis
362 2420 578 2508 magnitudo,¹
599 2442 678 2508 quae
701 2422 810 2489 ferma
834 2410 948 2492 te'rrae:
972 2426 1014 2494 de
1027 2427 1284 2506 mathematicis,

218 2617 229 2642 e
247 2607 277 2656 lrr
287 2607 356 2658 libris
365 2609 485 2658 rictorem
495 2608 535 2672 qui
545 2614 624 2658 ertern
633 2609 763 2658 oratorium
773 2613 882 2661 trudeat.

185 2689 191 2700 ·
213 2671 231 2714 s
246 2673 275 2721 ln
294 2671 326 2721 iit
343 2673 413 2722 reice
429 2675 458 2723 de
474 2675 558 2737 quibui
574 2675 640 2722 rullo
652 2681 771 2740 precepto
787 2677 878 2726 tradite
889 2681 955 2742 reat,
970 2680 1126 2727 meatur
1146 2675 1287 2740 waiam

183 2739 256 2790 ene.-
271 2741 349 2788 attere
359 2738 460 2802 definite
472 2743 496 2788 et
505 2741 612 2802 perceris
621 2741 732 2802 rebusque
743 2741 940 2804 circumdem
956 2744 1032 2792 altere
1043 2742 1156 2806 inficite:
1171 2757 1225 2806 que
1233 2743 1287 2791 deo

185 2804 326 2868 qeoeetiem
336 2803 455 2870 irrjlaitm
466 2817 546 2854 rerum
556 2806 646 2868 reicere
657 2810 680 2853 et
691 2804 782 2870 copiam
795 2809 987 2870 complecteretur.

647 2938 828 2964 “m

187 3031 244 3082 nrt.
257 3036 281 3081 1.
293 3037 321 3081 et
332 3029 422 3082 Guelf.
435 3035 458 3081 1.
469 3030 614 3096 sererriber,
632 3033 707 3095 preb.
719 3033 826 3083 Sobata.
859 3034 937 3095 Dein,
952 3035 1137 3096 preeeqeerrdeer
1149 3033 1209 3083 edd.
1221 3040 1287 3084 vett.

187 3097 263 3149 Juet.
276 3097 506 3147 Cret.Victor.—ti
522 3096 591 3146 Edd.
609 3105 673 3147 vett.
691 3097 767 3148 Jent.
785 3100 858 3148 Cret.
877 3099 978 3148 Victor.
997 3098 1088 3147 Lemb.
1107 3097 1185 3147 Grrrr.
1204 3101 1288 3158 actm

189 3163 327 3212 Ernestiue
340 3177 372 3211 cx
381 3161 445 3211 edd.
456 3162 594 3225 antiquiss.
607 3170 635 3211 et
646 3163 748 3212 Manet.
757 3165 864 3212 ettae—⁷
877 3165 931 3212 Eri.
943 3169 966 3212 1.
975 3171 1103 3225 praeoepte,
1112 3164 1288 3213 oculatiores.

188 3227 326 3289 Actutum,
344 3228 435 3276 merite
453 3228 540 3277 Lemb.
558 3230 599 3274 eut
616 3227 705 3277 meritc
724 3229 791 3289 conj.
814 3227 937 3276 Gulielm.
957 3227 1057 3289 recepit
1074 3226 1182 3276 ballein.
1214 3228 1288 3290 Mox,

190 3291 371 3342 dieurtmmc
383 3325 390 3340 .
403 3325 410 3340 .
422 3292 467 3340 .irr
477 3293 515 3340 lrie
525 3292 616 3340 ortiles
634 3291 687 3340 Eri.
700 3295 723 3340 l.
741 3291 767 3340 in
778 3291 828 3340 illie
838 3293 945 3353 pertibus
960 3291 1062 3341 Manet.
1076 3291 1201 3354 prebente
1212 3292 1287 3341 Mitti.

188 3362 238 3407 -8
256 3357 298 3407 Ite
310 3359 361 3406 dere
372 3356 449 3407 codd.
467 3371 509 3420 ep.
525 3357 616 3406 bamb.
633 3357 694 3406 itern
714 3353 789 3406 Neri.
808 3355 880 3419 Weg.
898 3357 974 3406 Cant.
993 3357 1065 3406 Ner.
1084 3357 1150 3406 liud.
1169 3363 1198 3406 et
1216 3357 1290 3424 Mag.

187 3423 335 3473 nemete
346 3421 401 3472 liri.
411 3427 435 3473 l.
448 3422 508 3471 edd.
519 3429 583 3471 retr.
594 3421 668 3473 Junt.
686 3423 756 3472 Cret.
772 3423 876 3471 Manet.
888 3423 1016 3473 orote-0
1034 3422 1089 3472 Eri.
1102 3427 1125 3471 1.
1137 3422 1231 3487 pete:
1248 3425 1290 3472 ced

190 3489 222 3538 de
231 3503 269 3540 ee.
303 3489 367 3538 ilex
377 3487 455 3538 dicere
466 3489 541 3538 deert
551 3488 577 3538 ie
587 3487 681 3558 ¹cedern
693 3488 752 3538 ced.
785 3487 886 3538 Deinde
897 3487 966 3539 idem
977 3487 1061 3538 cedes
1072 3486 1152 3540 babet
1168 3493 1192 3537 et
1201 3494 1291 3551 queste

687 3617 796 3670 NOTAE

190 3717 306 3770 subsellii
334 3715 526 3774 rectitudinem,
553 3723 583 3766 et
607 3714 721 3780 crepido
762 3713 856 3763 metria
881 3721 958 3764 terre
983 3711 1091 3777 ligarem
1123 3712 1291 3775 investigem

192 3795 396 3845 concinnitatem
414 3791 556 3842 ednriretnr
576 3798 604 3840 et
622 3790 721 3842 studie-
762 3792 831 3841 eliud
849 3793 907 3840 etita
927 3798 995 3840 artes
1014 3790 1162 3854 inquirunt:
1182 3803 1291 3854 qnorum

192 3876 366 3934 inserperet.
762 3867 887 3932 pleraque
905 3866 1027 3922 oratorie,
1049 3867 1097 3916 bec
1118 3873 1169 3923 eet,
1188 3867 1246 3914 inre
1264 3873 1293 3916 et

226 3945 239 3980 ἵ
255 3946 285 3996 Si
301 3946 365 3996 eeirr
380 3929 416 3996 eei
427 3945 538 4006 materia
548 3942 602 4008 ire]
618 3942 649 3994 In
668 3941 722 3993 tufi·
763 3942 982 4001 ernete,trecteri
993 3955 1043 3990 nen
1056 3951 1172 4005 pereunt·

193 4025 250 4076 nite
262 4037 342 4075 cauea
361 4025 457 4074 versari
476 4037 527 4075 eeu
546 4037 622 4088 perce
637 4028 723 4072 erate·
796 4019 803 4053 ¹
819 4018 884 4069 Solis
893 4017 1045 4081 agendo]
1060 4017 1167 4069 Quaere
1183 4018 1218 4068 eit
1231 4017 1293 4070 celle

194 4115 247 4151 rem
267 4099 362 4164 probet
383 4099 536 4150 inductione
557 4099 723 4162 plurimarum
763 4095 924 4159 magnitude,
944 4109 1003 4160 qne
1020 4092 1104 4157 ligure
1120 4101 1207 4157 terrae,
1224 4095 1293 4146 diri·

195 4177 368 4240 artiumque
380 4174 492 4226 rnorem
507 4175 724 4237 continentque·
764 4187 822 4224 mne
842 4175 868 4222 in
891 4171 960 4223 notis
981 4172 1014 4222 ed
1036 4171 1082 4221 lib.
1101 4185 1120 4224 ι.
1136 4172 1169 4222 de
1187 4171 1293 4224 levent.

195 4256 296 4304 rtienee
308 4253 342 4303 ab
354 4267 400 4303 aru
412 4251 725 4303 oratoriercrnetireimrr.
764 4250 779 4314 q
791 4253 816 4298 8.

195 4329 344 4394 Astroloqie
359 4328 421 4379 relic
441 4326 653 4394 magnitudinem,
665 4339 725 4390 geo·
