3184 4925
311 408 398 475 llas
661 465 664 472 .
693 420 731 471 rr.
753 424 788 472 r.
813 422 1015 471 crunnorrs
1052 432 1056 469 :

310 572 421 637 minas
432 569 656 656 eloquentiam
670 578 780 647 tuam,
791 574 826 633 et
840 568 943 633 mnito
957 568 1088 652 magis4
1101 570 1260 633 virtutem
1279 578 1316 635 et
1331 569 1409 634 diii·

309 674 459 755 gentiam
482 674 636 750 admiror,
661 680 697 737 et
726 672 828 737 simui
854 672 1000 754 gaudeo,
1024 670 1189 755 judicium
1215 673 1316 737 animi
1341 672 1409 736 mei

311 778 533 861 comprobari,
549 774 638 860 qnod
661 790 793 859 semper
818 774 932 852 statui,
954 776 1117 839 neminem
1137 775 1316 859 sapientise
1333 775 1408 839 iau·
1499 814 1501 819 -
1528 874 1531 881 ι

310 879 388 944 dem
402 890 437 945 et
458 878 680 965 eloquentim⁵
703 878 776 941 sine
793 896 925 941 summo
940 876 1065 955 studio,
1079 882 1114 941 et
1133 876 1259 955 labore,
1274 885 1308 942 ei
1329 878 1410 943 doc·

309 986 408 1063 trina,
423 984 584 1069 consequi
599 1002 714 1069 posse.
758 981 825 1047 Sed
842 982 978 1048 tamen⁶
994 983 1154 1066 quidnam
1172 990 1226 1048 est
1245 984 1292 1059 id,
1315 984 1409 1069 quod

311 1087 440 1163 dixisti,
453 1086 533 1165 fore,
556 1094 594 1152 nt
613 1088 674 1152 tibi
690 1086 948 1169 ignosceremus,
964 1087 994 1149 si
1011 1104 1267 1169 cognossemus,
1283 1106 1363 1170 qum
1376 1094 1411 1153 te

311 1206 414 1255 causa
425 1190 459 1253 in
471 1207 656 1255 sermonem
672 1188 887 1273 impulissett
933 1186 1023 1268 Quae
1038 1195 1090 1254 est
1104 1190 1192 1253 enim
1209 1190 1279 1255 alia
1292 1208 1410 1270 cansa,

311 1293 376 1357 nisi
401 1292 491 1377 qnod
516 1292 626 1368 nobis,
649 1298 686 1355 et
706 1290 826 1354 borum
851 1290 1115 1356 adolescentium
1143 1292 1268 1367 studio,
1293 1294 1353 1377 qui
1376 1300 1411 1359 te

311 1393 534 1459 attentissime
549 1394 734 1471 audierunt,
748 1412 872 1459 morem
893 1414 1003 1479 gerere
1017 1394 1178 1459 voluisti'i
1221 1396 1298 1463 364.
1321 1396 1412 1462 Tum

311 1495 381 1574 iiie,
396 1498 565 1572 Adimere,
581 1498 701 1581 inquit,
725 1513 856 1561 omnem
879 1500 1145 1563 recusationem⁷
1162 1498 1287 1564 Crasso
1304 1500 1411 1577 volui,

311 1618 408 1685 quem
422 1620 484 1683 ego
499 1601 601 1685 panio
615 1600 774 1675 sciebam,
801 1600 852 1665 vei
869 1601 1057 1684 pudentius,
1074 1602 1127 1666 vei
1145 1601 1295 1680 invitine,
1311 1602 1411 1679 (nolo

311 1705 398 1769 enim
408 1702 518 1768 dicere
530 1702 573 1769 do
584 1704 760 1769 tamsaari
770 1702 904 1769 bomine
919 1703 1156 1783 fastidiosius)
1167 1704 1211 1770 ad
1226 1704 1289 1769 hoc
1305 1722 1411 1788 genus

312 1808 475 1871 sermonis
490 1807 663 1872 accedere.
707 1801 799 1885 Quid
815 1805 903 1871 onim
918 1806 1036 1889 poterit
1051 1806 1184 1870 diceret
1194 1807 1410 1873 consularem

312 1927 351 1973 se
366 1903 464 1973 osse⁸
487 1908 655 1973 bominem
675 1907 710 1973 et'
730 1908 938 1973 censorium?
962 1906 1078 1973 eadem
1093 1917 1210 1973 nostra
1226 1916 1410 1975 causaest.

310 2011 367 2076 An
376 2018 516 2077 aetatem
527 2010 669 2077 adorati
683 2011 902 2095 quadriennio
917 2012 1027 2077 minor
1035 2020 1097 2076 est.
1123 2012 1175 2075 An
1186 2022 1223 2078 se
1235 2016 1364 2078 nescire
1374 2015 1411 2077 Ἠ

311 2132 391 2199 quae
405 2132 468 2196 ego
482 2130 569 2189 sero,
583 2133 663 2199 quae
676 2113 802 2177 cursim
823 2114 959 2197 arripui,
978 2134 1056 2198 qum
1071 2115 1254 2179 subsicivis
1269 2112 1411 2199 operis*

311 2219 366 2302 (nt
380 2216 499 2297 aiunt)
513 2218 577 2282 ista
589 2236 611 2280 a
626 2234 738 2300 puero,
755 2234 888 2280 summo
904 2218 1030 2293 studio,
1042 2220 1182 2282 summis
1196 2218 1409 2283 doctoribus.

312 2318 410 2383 Nihil
428 2320 539 2383 dicam
555 2318 599 2385 do
612 2320 755 2401 ingenio,
778 2321 833 2383 cni
851 2336 911 2402 par
926 2338 1024 2384 nemo
1036 2320 1118 2387 snit:
1142 2322 1261 2385 etenim
1286 2342 1339 2387 mo
1357 2323 1409 2387 di·

313 2433 441 2487 curnern
451 2430 479 2461 ¹⁰
493 2423 553 2506 qui
567 2420 720 2495 audierit,
736 2438 833 2486 nemo
849 2440 994 2506 tanquam
1016 2429 1085 2487 tam
1102 2424 1156 2488 sni
1179 2424 1370 2508 despiciens
1384 2430 1409 2472 ¹¹
1473 2481 1477 2494 .

312 2524 390 2602 fuit,
406 2527 487 2610 quin
509 2534 660 2608 speraret
678 2533 736 2589 aut
756 2526 889 2602 meiius,
913 2533 972 2589 aut
993 2525 1111 2590 eodem
1136 2529 1236 2592 modo
1253 2547 1411 2611 sapesso

312 2628 442 2693 dicere:
459 2628 585 2693 Crasso
596 2627 738 2702 dicente,
753 2646 850 2691 nemo
865 2635 931 2693 iam
948 2647 1117 2710 arrogans,
1137 2631 1194 2713 qui
1209 2630 1361 2694 similiter
1373 2651 1411 2694 se

312 2749 463 2816 unquam
478 2730 643 2796 dicturum
657 2747 733 2793 essa
751 2727 942 2794 confideret.
988 2727 1222 2807 Quamobrem,
1238 2751 1278 2794 ne
1289 2731 1412 2796 frustra

312 2833 347 2898 bi
377 2835 464 2898 tales
494 2834 555 2898 viri
582 2831 740 2909 venerint,
769 2837 803 2896 ie
833 2829 1029 2916 aliquando,
1059 2831 1191 2907 Crasse,
1222 2833 1411 2897 audiamus.

315 2953 381 3002 xc.
403 2937 479 3002 365.
500 2935 590 3001 Tum
609 2935 678 3012 ilie,
700 2933 750 2998 Ut
767 2937 818 2998 ita
842 2937 909 2999 ista
935 2941 1036 3001 esse¹
1064 2934 1259 3011 concedam,
1290 2936 1410 3019 inquit,

772 3081 905 3102 ‘mult‘
908 3083 953 3102 ΝΙ

313 3183 362 3227 tara
420 3179 568 3240 ponere-a
585 3173 708 3223 Sabaitis
727 3174 812 3235 aptius
832 3172 945 3233 ridetur,
962 3174 1003 3221 ud
1021 3173 1094 3220 matio
1113 3171 1246 3232 raugia—t
1265 3169 1355 3220 bamb.
1371 3187 1411 3220 aa·

312 3241 411 3306 piratio
426 3247 450 3291 et
466 3243 603 3302 abamita
621 3241 721 3287 &adeun
753 3237 889 3294 Acunum,
901 3235 990 3288 creir.
1003 3237 1085 3286 bain
1095 3235 1412 3296 nominatissima.—

313 3311 332 3357 θ
348 3307 482 3356 Particum
492 3305 654 3354 tamdaort
665 3305 690 3351 ia
706 3303 793 3352 Graii.
806 3308 829 3352 i.
861 3303 936 3362 iiior,
952 3303 1064 3365 quidnam
1079 3307 1114 3350 eo
1130 3304 1191 3363 qaod
1206 3301 1293 3350 dixisti
1309 3315 1341 3349 os
1360 3316 1412 3354 uno

314 3371 407 3423 cadica
418 3371 524 3420 debuit.
546 3371 607 3432 qaod
617 3368 743 3418 indixisti
752 3367 843 3418 Gueii'.
853 3371 877 3416 b.
903 3368 961 3431 qaid
971 3373 1016 3428 ar,
1031 3353 1091 3428 quod
1108 3366 1196 3414 dixiui
1212 3367 1279 3428 conj.
1297 3363 1412 3416 Heusin-

314 3449 368 3497 ger.
392 3437 544 3498 mmm,
555 3434 722 3494 deonorum
732 3433 785 3480 Eri.
795 3437 815 3482 i.
850 3431 935 3482 Pauiu
946 3441 1012 3495 porr,
1028 3433 1055 3479 ia
1069 3431 1131 3480 barre
1147 3445 1276 3480 amonem
1289 3431 1412 3480 bamb.-

314 3502 440 3564 istepb.
451 3509 479 3548 ei
492 3497 769 3547 bernacensem.
801 3497 954 3560 Manuaria
970 3496 1137 3544 ariesciedsar
1149 3496 1204 3544 Eri.
1216 3499 1239 3544 i.
1274 3496 1412 3556 Actutum,

313 3568 351 3617 sai
366 3564 504 3630 promtu
521 3562 585 3610 Vei.
602 3577 644 3623 ap.
660 3562 751 3623 Steub.
769 3569 798 3610 et
816 3563 955 3611 bamb-8
971 3560 1086 3609 Verbum
1105 3559 1246 3609 eandoem
1268 3561 1292 3608 irr
1314 3561 1369 3610 nri.
1387 3565 1413 3611 l.

314 3631 406 3684 Gueii.
420 3637 443 3681 1.
453 3635 478 3678 2.
486 3629 563 3677 bei
578 3626 618 3675 Aa
627 3641 653 3675 aa
663 3628 713 3674 iar
723 3627 813 3677 rendre
824 3625 913 3676 Mead.
924 3626 998 3676 Heri.
1011 3630 1033 3674 i.
1044 3622 1132 3676 Gueif.
1142 3629 1168 3674 2.
1177 3629 1200 3675 8.
1216 3625 1269 3674 uri.
1281 3629 1306 3674 1.
1318 3625 1412 3675 bamb.

315 3696 407 3756 Sionis.
425 3693 502 3746 Maii·
513 3691 596 3741 Orati·
613 3701 641 3740 at
660 3691 758 3739 Nauius
774 3693 801 3740 in
820 3707 843 3740 r.
859 3689 1059 3742 ‘subsicivum'
1091 3691 1164 3751 Mox,
1182 3690 1305 3740 mairia
1321 3691 1413 3752 strab,

315 3759 425 3811 umeri
447 3759 501 3810 Eri.
520 3760 544 3805 l.
564 3757 635 3806 Pitb.
657 3756 764 3805 Memor.
786 3753 877 3805 Gueii'.
894 3759 983 3806 1.-io
1000 3755 1055 3804 Eri.
1075 3759 1097 3804 1.
1117 3757 1204 3804 etenira
1222 3757 1412 3806 dedicantem.-

315 3831 345 3878 li
363 3828 418 3878 Eri.
433 3830 455 3874 l.
472 3838 574 3886 aarum
590 3822 717 3886 aarum.
748 3822 823 3882 Mox,
834 3819 924 3870 Grreii'.
934 3825 958 3870 2.
971 3821 1045 3885 &qai
1058 3820 1192 3884 desperant
1200 3837 1211 3880 ,·
1227 3819 1317 3871 Gurif.
1330 3825 1352 3871 1.
1371 3821 1414 3886 qai

314 3899 427 3957 qamt.
462 3890 544 3939 Panto
556 3896 625 3952 post,
636 3887 693 3951 qais
702 3887 816 3936 sinidio·
825 3887 880 3935 Eri.
892 3891 914 3934 1.

347 3959 473 4009 cmxc.
506 3955 574 4005 1th
588 3955 624 4005 ite
638 3967 697 4016 erae,
712 3953 806 4002 omisso
821 3948 978 4007 naamani.
992 3953 1014 4002 i.
1047 3949 1272 4016 occurrensque
1287 3954 1415 4014 eram

808 4073 915 4124 NOTAE

347 4169 360 4204 Ι·
376 4167 507 4219 Sabrieinis
519 4161 663 4228 [aennon]
673 4162 761 4226 onmia]
770 4161 842 4226 Ope·
883 4161 951 4210 iruris
963 4175 1020 4225 qna
1032 4161 1104 4224 quari
1115 4160 1285 4212 succiduntur
1295 4177 1326 4212 ax
1336 4177 1412 4214 oucu-

317 4261 353 4297 η
362 4242 569 4296 succisivnfiant
578 4243 608 4288 iis
618 4237 843 4303 temporibusque
884 4237 1031 4303 parionibus
1045 4239 1208 4288 necessariis.

317 4339 334 4375 a
346 4319 504 4388 gravioribus
517 4317 627 4379 negotiis
640 4327 719 4388 vacua
729 4323 800 4378 sont,
811 4313 843 4362 iia
