3184 4925
512 464 562 512 nu
585 460 775 523 ouarouu,
800 463 840 511 ιι.
861 446 916 513 59.
1172 448 1257 514 1061

165 606 251 685 ium,
267 608 320 692 [p.
343 599 564 689 131.]'neque
584 605 864 684 calamitosorum,
879 598 987 690 neque
1002 624 1128 686 eorum,
1143 610 1201 692 qui
1214 609 1258 674 ob

164 704 298 776 facinus
313 708 357 775 ad
373 707 574 793 supplicium
589 707 739 791 rapiendi
760 708 935 785 videntur3
958 728 1065 793 eaque
1086 710 1173 775 belle
1188 714 1260 795 agi·

166 820 239 877 tata
252 812 420 877 ridentur.3
463 809 540 875 239.
563 810 653 875 Est⁴
672 810 771 875 etiam
796 808 1031 892 deformitatis,
1056 820 1090 875 et
1110 814 1259 897 corporis

165 915 326 981 vitiorum
341 915 426 980 satis
440 912 530 978 bella
545 914 698 978 materies
715 911 758 977 ad
766 911 976 997 jocandum:
999 912 1060 979 aed
1077 915 1260 998 quaerimuu

166 1017 270 1093 idem,
285 1016 375 1101 quod
392 1016 424 1079 in
443 1009 564 1079 ceteris
578 1015 677 1078 rebus
694 1014 840 1078 maxime
855 1013 1069 1098 quaerendum
1091 1022 1155 1092 est,
1178 1036 1260 1100 qua-

167 1127 278 1184 tenus.
297 1136 302 1163 ³
321 1118 362 1182 lu
384 1137 451 1202 quo
471 1136 536 1181 nou
558 1116 658 1180 modo
680 1116 787 1181 illud⁵
811 1118 1018 1200 praecipitur,
1042 1136 1086 1182 na
1109 1118 1190 1202 quid
1213 1119 1284 1183 iu·'

167 1220 288 1295 sulse,⁸
309 1220 367 1284 sed
382 1220 494 1295 etiam,
509 1217 540 1282 si
555 1217 638 1302 quid
652 1216 851 1301 perridicule
866 1220 998 1302 possis:
1021 1218 1193 1283 uitandum
1210 1224 1263 1284 est

168 1321 292 1386 oratori
317 1326 501 1403 utrumque,
522 1337 563 1383 ne
584 1322 642 1382 aut
664 1318 813 1383 scurrilis
831 1318 933 1403 jocus
954 1321 1009 1393 sit,
1024 1327 1083 1385 aut
1095 1322 1261 1386 mimicus.

168 1421 262 1500 Quae
275 1422 460 1507 quusmodi
475 1422 551 1494 siut,
565 1420 700 1485 lucilius
709 1420 782 1505 jam
796 1421 1024 1504 intelligemus,
1038 1442 1114 1488 cum
1126 1421 1169 1487 ad
1184 1425 1264 1507 ipsu
1377 1456 1381 1465 =

167 1524 384 1588 ridiculorum
403 1543 523 1606 genera
538 1521 753 1588 venerimus.⁶

200 1626 276 1689 24⁰·
293 1624 370 1690 Duo
382 1627 468 1691 e'uim
480 1630 573 1689 suut⁷
583 1643 703 1705 genera
711 1625 921 1703 facetiarum,
932 1644 1070 1710 quorum
1080 1626 1216 1691 alterum
1227 1647 1263 1692 re

168 1725 606 1804 tractatuqalterumdicto!
627 1724 871 1811 Re,siqoando
883 1728 973 1810 quid,
980 1734 1136 1812 tanquam
1149 1728 1265 1813 aliqua

168 1828 308 1904 labella,
321 1838 481 1908 manetur,
501 1836 538 1895 ut
552 1830 630 1894 olim
647 1834 695 1909 tu,
706 1828 840 1908 Crasse,
859 1830 893 1893 io
910 1827 1132 1906 Memmium,¹²
1157 1836 1265 1894 ‘oom-

170 1931 309 1997 edisaas
318 1952 393 1997 cum
405 1926 587 1998 lacertum¹
611 1929 747 2013 largii,'
762 1950 838 1995 oum
850 1938 939 1995 esset
960 1948 1094 1996 comeo
1112 1932 1266 1997 Tarraci-

168 2032 259 2099 noess'
275 2034 491 2117 deamicula‘
501 2034 650 2099 rixatus:
664 2032 769 2107 salsa,
782 2038 931 2097 attamen
942 2051 961 2097 a
974 2040 1008 2097 te
1019 2033 1096 2117 ipso
1107 2034 1267 2100 dotatota

169 2137 330 2203 narratio:
345 2136 501 2203 addidisti
514 2134 711 2208 clausulam,
720 2140 790 2198 tota
799 2132 982 2199 Tarracina
990 2144 1060 2200 tum
1072 2137 1225 2202 omnibus
1233 2138 1266 2202 in

170 2237 358 2322 parietibus
378 2238 558 2323 inscriptas
580 2236 686 2301 fuisse
706 2235 834 2312 literas,
850 2236 913 2302 tria
934 2236 1035 2313 LLL,
1052 2239 1117 2303 duo
1141 2238 1221 2303 ΜΜ
1233 2245 1269 2302 :⁹

171 2360 248 2405 com
258 2361 434 2426 quaereres,
445 2342 479 2406 id
488 2339 570 2426 quid
579 2348 681 2418 esset,
693 2358 806 2404 seuam
816 2340 880 2404 tibi
891 2339 1055 2426 quendum
1063 2341 1267 2426 oppidanum

205 2558 217 2583 ·
231 2551 341 2601 Altam
349 2551 376 2600 ia
385 2528 437 2616 ipra
445 2566 473 2601 rr
483 2556 508 2602 ct
516 2551 636 2601 muntia
646 2551 748 2614 podica
759 2555 806 2613 ert,
814 2552 916 2602 meran
925 2551 952 2600 ia
961 2518 1016 2602 οἷοι
1026 2551 1136 2610 etsorm
1147 2553 1269 2618 loquendi.
1360 2521 1363 2528 Ι

203 2613 222 2655 Ι
232 2616 399 2666 Manrdiau.
622 2623 636 2658 Ι
653 2613 803 2665 Maiiercaia.
956 2647 959 2654 »

175 2866 305 2933 probante
316 2867 392 2916 Moli.
424 2866 538 2924 Deinde,
549 2881 597 2931 pro
604 2882 721 2927 emmau,
732 2866 820 2918 Goclf.
829 2871 853 2916 1.
864 2866 943 2918 habet
953 2868 1127 2918 claram-8
1145 2867 1233 2919 Guelf.
1244 2874 1267 2919 1.

175 2948 250 2996 eaque
259 2932 320 2983 teth
329 2933 424 2994 agarai
434 2931 658 2990 rideataraGoail'.
668 2937 693 2983 l.
701 2949 773 2997 ecque
784 2933 843 2982 tetta
851 2933 1117 2994 «arctarentur-4
1136 2935 1181 2983 Eat
1193 2934 1268 2984 ornit-

177 3001 242 3048 titur
264 2999 289 3046 iu
312 2994 402 3045 Guelf.
423 2999 496 3046 l.-ti
513 2996 596 3046 codd.
618 2999 716 3061 aliquot
735 3013 778 3061 ap.
800 2996 883 3046 orell.
903 3007 931 3046 at
952 2997 1113 3048 tractionis.
1134 3013 1180 3047 noa
1201 2999 1270 3049 iliad.

174 3063 251 3124 Mox,
267 3063 389 3112 mata·
400 3075 422 3111 a.
433 3072 457 3110 r:
467 3066 602 3148 atramque,
618 3063 652 3111 dc
670 3064 823 3126 conjectura
833 3061 931 3112 delerit
944 3063 1047 3114 Schota.
1079 3062 1131 3111 Sed
1151 3065 1270 3126 agnoscit

170 3129 228 3192 jam
245 3128 346 3178 Nonius
359 3141 382 3174 r.
398 3126 549 3174 ‘Scurrilia
559 3131 607 3175 -o
624 3125 712 3177 Guclt'.
731 3131 754 3177 1.
771 3130 795 3175 l.
808 3135 835 3175 at
852 3141 906 3174 mar
925 3142 940 3176 o
959 3127 1030 3176 Crat.
1045 3127 1179 3185 uastum
1196 3127 1271 3179 luat.
1318 3183 1321 3192 ¹

176 3193 252 3244 Crat.
263 3191 600 3241 mammaeam-t
618 3191 674 3240 Duo
691 3194 747 3240 errat
764 3191 827 3240 eain
838 3190 905 3240 Guel
918 3225 925 3240 .
937 3195 1011 3240 s-ti
1027 3191 1160 3239 Tmociooe
1181 3193 1270 3242 Lamb.

176 3267 204 3309 ct
216 3256 255 3308 aie
266 3265 369 3322 postea.
401 3255 475 3325 Idem
486 3269 556 3334 max,
574 3255 636 3306 ulau
646 3261 697 3305 tota
706 3271 735 3305 ac
745 3261 824 3304 ruer
834 3255 949 3304 motio.
983 3255 1036 3304 Pro
1052 3257 1169 3316 sonatio,
1187 3257 1268 3308 Grut.

669 3394 778 3446 NOTAE

208 3507 222 3544 a
239 3497 452 3564 Naqaidiaaalca]
464 3497 591 3548 ‘Oratori
599 3499 702 3549 minime
776 3499 784 3535 ¹
796 3499 934 3564 mmm]
958 3499 1094 3550 Brachium
1105 3499 1233 3565 siguificat
1242 3501 1268 3551 id

177 3573 300 3630 convenit
310 3575 435 3626 distortos
446 3576 534 3636 ,ruitur
553 3583 703 3640 natusque,
743 3577 812 3644 quod
823 3586 864 3627 art
879 3578 913 3626 ab
930 3577 1034 3626 humero
1047 3575 1080 3625 ad
1091 3577 1216 3639 cubitum,
1233 3578 1268 3626 la·

178 3670 236 3721 qua
252 3651 563 3704 inroimisrldcrlrolcut.
595 3653 703 3702 Dicaei-
743 3652 1270 3720 certusautemldquodacubitoadma·
1384 3701 1389 3716 ,

178 3743 219 3783 taa
236 3733 315 3782 etiam
339 3729 454 3780 scurrilia
477 3737 506 3778 et
523 3728 627 3778 tecuica
643 3729 703 3780 lrulo
743 3730 938 3794 cumpertiuet.
955 3729 1270 3781 0rid.lllet·l.r.‘laudat

176 3801 295 3877 persona
307 3807 463 3858 alienissima
473 3811 522 3855 rat.
539 3805 704 3856 obscenitas
743 3808 888 3873 digitosque
901 3820 1041 3871 manusque
1059 3805 1230 3872 Brachioque,
1242 3815 1270 3859 at

178 3899 241 3935 vero
257 3882 432 3934 senueritis
448 3887 547 3930 litium
560 3879 650 3930 ebeno
660 3881 705 3928 de·
743 3888 826 3937 uudoa
837 3884 922 3935 media
934 3885 992 3948 plur
1006 3891 1079 3946 parte
1092 3883 1221 3933 lacertum·

177 3956 630 4023 beirwdefltmtllssssffiffifl⁰ne·’
656 3958 704 4007 Fi·
775 3961 942 4024 marrucina]
958 3961 1023 4012 Quia
1039 3959 1269 4011 Latiniseat'l'ar-

176 4043 235 4094 bion
243 4039 308 4090 ibid.
744 4040 841 4101 racina,
852 4039 938 4100 linqua
955 4037 1105 4084 Volscorum
1124 4035 1215 4086 Anxur
1225 4053 1270 4103 ap·

210 4116 223 4151 ἱ
240 4111 392 4176 mma]
407 4112 436 4163 C.
447 4111 594 4176 llsmmlur,
608 4111 642 4162 da
653 4127 718 4178 quo⁴
746 4115 867 4181 pellatur,
879 4112 996 4163 ottradlt
1005 4111 1115 4161 Pllulur.
1148 4113 1215 4163 Latii
1224 4127 1270 4177 op·

177 4193 279 4244 'l'allioa
289 4192 316 4242 iu
326 4191 420 4251 Bruto,
430 4198 600 4253 oratorarper
611 4197 705 4240 atton·
745 4190 832 4255 pidum
854 4198 904 4246 ert,
925 4195 952 4239 at
974 4187 1113 4238 etiamnum
1136 4191 1271 4257 antiquum

179 4271 319 4327 tcutioaus,
345 4281 443 4318 morum
477 4267 623 4319 acerbitate
644 4269 703 4320 huic
745 4263 1092 4318 oomausetioetl'erraeirru.

179 4348 266 4401 crassi
273 4347 338 4412 ioco
348 4347 433 4397 locoru
441 4343 522 4394 dedit.
629 4336 632 4342 '
