3184 4925
336 430 425 498 11⁷4
725 444 765 492 u.
786 443 822 492 r.
843 440 1049 494 monronis

337 613 405 658 non
421 592 496 661 hare
510 592 561 658 ita
576 591 688 658 statuo
703 597 803 674 atque
823 589 976 665 decerne,
994 594 1032 654 nt
1046 585 1232 672 desperem,
1245 585 1367 652 Latine
1382 605 1437 670 ee,

337 694 518 780 dequibus
533 693 790 779 disputavimus,
804 691 891 758 trudi
912 712 953 757 ee
967 690 1144 776 perpotiri:
1158 695 1180 728 ¹¹
1197 690 1324 773 patitur
1345 691 1432 754 enim

288 823 294 836 ·
335 796 644 880 etlinguunostre,
666 804 703 860 et
715 803 837 862 nature
851 815 970 872 rerum,
995 803 1137 860 veterem
1157 792 1433 858 iliamexeelieu·

336 907 471 982 temque
486 897 693 981 prudentium
705 896 901 962 Graecorum
916 897 960 962 ad
972 902 1120 963 nostrum
1131 915 1228 960 usum
1241 909 1433 978 moremque

211 994 215 1001 ’
335 1001 548 1067 transserriz⁸
562 999 621 1066 eed
638 999 827 1065 hominibus
841 1019 928 1084 opus
949 1006 1001 1064 est
1019 998 1168 1074 eruditirr,
1187 998 1247 1083 qni
1261 997 1383 1076 adhue,
1398 999 1432 1062 in

334 1103 400 1170 hee
431 1101 570 1187 quidem
603 1121 733 1185 genere.
760 1101 869 1166 nestri
894 1102 1014 1167 nulli¹²
1038 1103 1187 1166 suerunt:
1218 1101 1269 1165 sin
1297 1099 1431 1185 quaudo

335 1205 516 1282 extiterint,
530 1205 631 1269 etiem
646 1202 780 1269 Graeeie
795 1210 893 1268 erunt
907 1199 1156 1287 anteponendi!

380 1317 480 1372 xxv.
500 1305 557 1372 Μ.
579 1304 725 1372 Ornatur
738 1304 841 1388 igitur
853 1305 960 1370 oratio
975 1325 1096 1389 genere
1111 1306 1269 1390 primum,
1284 1309 1320 1368 et
1335 1303 1433 1388 quasi

334 1411 447 1476 celere
457 1408 605 1494 quodem
620 1414 655 1472 et
670 1427 775 1474 succo
791 1427 875 1472 suo:
889 1415 898 1445 ¹
921 1427 999 1472 nam
1014 1413 1051 1471 nt
1062 1407 1187 1495 mavis,
1204 1413 1240 1472 ut
1254 1405 1386 1484 suavis,
1398 1413 1434 1470 ut

330 1511 466 1579 erudita
481 1511 552 1589 eit,²
566 1519 604 1575 ut
613 1511 775 1591 liberalis,
787 1517 824 1576 ut
835 1509 1056 1590 admirabilis,
1067 1518 1102 1574 ut
1116 1509 1234 1595 polita,
1248 1515 1286 1574 ut
1301 1527 1434 1588 seusus,

245 1654 249 1662 ι
333 1622 371 1680 ut
397 1614 531 1679 dotores
552 1611 685 1690 habeat,
708 1618 870 1697 quantum
893 1632 980 1695 epus
999 1614 1054 1690 sit,
1073 1633 1137 1677 non
1161 1621 1213 1678 est
1227 1611 1433 1693 singulorum

333 1718 549 1784 articulorum
560 1725 592 1779 ε·
611 1715 648 1780 in
667 1721 738 1782 tuto
753 1723 951 1801 spectantur
972 1715 1045 1781 haee
1060 1726 1228 1800 corpure·
1270 1713 1320 1779 Ut
1334 1731 1433 1796 parra

333 1819 574 1904 consperserit
588 1819 686 1904 quasi
701 1817 1195 1900 verborum‘sententiurumque
1215 1815 1378 1895 floribus3
1400 1813 1434 1879 id

332 1939 398 1986 nnn
421 1921 520 1988 debet
543 1941 620 1987 esse
638 1920 749 1987 fusum
772 1920 979 2006 aeqnebititer
1005 1937 1213 2004 peromnem
1236 1919 1433 1996 orationem,

333 2025 394 2089 aed
409 2025 459 2089 ita
473 2024 677 2096 distinctum,
691 2032 729 2089 ut
743 2025 822 2102 sint,
834 2025 932 2107 quasi
946 2023 979 2086 in
992 2029 1135 2104 ornatu,¹
1156 2022 1326 2105 disposita
1339 2040 1432 2105 quae-

332 2123 411 2190 dem
427 2126 569 2210 insignia
584 2132 619 2190 et
638 2125 790 2190 lumina!
831 2125 886 2191 97.
908 2123 1026 2190 Genus
1041 2125 1139 2208 igitur
1152 2123 1287 2190 dicendi
1300 2131 1355 2189 est
1375 2123 1434 2188 eli-

331 2227 487 2314 gendum,
500 2228 591 2315 qnod
605 2229 752 2293 maxime
767 2234 879 2294 teneat
892 2248 963 2306 ees,
975 2227 1034 2314 qui
1046 2228 1199 2305 audiant,
1209 2233 1242 2292 et
1256 2226 1348 2310 quud
1364 2245 1433 2290 uon

333 2333 441 2398 solam
456 2331 610 2410 delectet,
621 2330 683 2396 eed
696 2332 797 2396 etiam
811 2331 884 2395 sine
893 2332 1051 2396 satietate
1061 2329 1222 2396 delectet:
1244 2327 1327 2414 (non
1343 2330 1432 2394 enim

334 2453 423 2501 eme
433 2433 507 2519 jem
521 2435 690 2518 expectari
703 2442 797 2518 puto,
813 2440 852 2499 ut
860 2452 1022 2509 moneam,
1034 2439 1072 2498 ut
1084 2431 1246 2510 caventis,
1261 2452 1303 2496 ne
1320 2433 1433 2510 exilia,

332 2557 375 2602 ne
389 2538 517 2602 inculta
532 2538 578 2601 sit
591 2545 701 2601 vestra
716 2538 834 2613 oratio,
849 2557 890 2601 ne
906 2537 1064 2619 vulgaris,
1077 2556 1120 2603 ne
1137 2537 1313 2603 obsniete:
1338 2536 1432 2602 aliud

332 2641 492 2727 quiddam
508 2640 631 2724 majus,
646 2646 679 2704 et
694 2641 823 2721 ingenia
837 2660 890 2703 me
907 2640 1080 2704 hortantur
1096 2648 1219 2719 vestre,
1234 2648 1268 2705 et
1283 2636 1434 2723 aetates.)

331 2742 386 2806 98.
410 2740 560 2834 Difficile
583 2744 670 2806 enim
695 2742 787 2806 dictu
813 2749 877 2820 eet,
909 2762 1066 2825 quaenam
1092 2762 1196 2807 eausa
1219 2745 1274 2819 sit,
1297 2762 1356 2808 eur
1381 2763 1433 2817 ee,

333 2864 411 2930 quae
422 2852 455 2891 ³⁶
476 2844 624 2909 maxime
637 2862 757 2909 sensus
768 2850 901 2909 nostres
917 2846 1292 2929 impelluntvoluptete,
1306 2854 1341 2910 et
1355 2866 1432 2930 spe·

364 3020 379 3049 ·
396 3010 557 3068 Quaetrudita
566 3015 648 3061 aaut·
660 3010 755 3060 Groeeia
762 3011 793 3061 de
803 3008 961 3070 informa
970 3010 1090 3061 denium
1100 3010 1211 3061 mute.

362 3082 377 3111 o
392 3076 506 3126 Partim
519 3076 644 3126 manu.

333 3152 336 3157 ’
364 3150 383 3176 ¹·
399 3139 1001 3203 Deteaturesamtmr'xteiatotemtim.

364 3214 379 3239 ⁸
393 3205 425 3257 Ia
435 3212 552 3271 oppam
562 3221 585 3255 a.
593 3221 622 3266 ι.
631 3208 748 3267 Manat,
758 3207 830 3270 auia,
840 3208 882 3268 trc-
980 3214 994 3249 ⁹
1011 3204 1118 3267 Egregie
1127 3206 1234 3269 eandm
1244 3212 1393 3257 amunte.

792 3316 975 3338 emmau

332 3406 366 3453 ru
382 3400 425 3451 Itu
435 3413 535 3461 amaea,
547 3408 642 3464 preter
653 3400 760 3450 Subutu-
770 3400 815 3466 qut
826 3400 905 3451 habet
916 3402 1109 3463 prmideri-lt
1127 3401 1221 3453 Perre.
1233 3400 1301 3465 conj.
1317 3402 1434 3467 minatici

330 3482 410 3533 pum,
428 3466 599 3529 prebentibua
619 3466 723 3517 scurra.
742 3474 770 3514 et
792 3466 932 3516 diuite-12
949 3468 1003 3516 Eri.
1020 3470 1042 3516 1.
1058 3481 1106 3516 aen
1121 3468 1173 3517 atti.
1205 3467 1281 3529 Max,
1298 3468 1434 3551 eatitmgt
1558 3486 1559 3491 ¹

333 3530 519 3647 affigi.
550 3592 728 3645 thketieid
747 3592 780 3643 ud
801 3594 905 3645 Lueret.
923 3608 942 3645 1.
957 3598 1015 3645 645.
1032 3596 1213 3659 corrigendum
1234 3596 1390 3660 opinabatur
1409 3602 1433 3646 et

326 3661 387 3722 Μ
396 3676 454 3718 uer
471 3669 499 3709 et
510 3660 549 3709 rie
560 3660 637 3725 piane
648 3660 744 3721 iegitur
755 3660 782 3708 in
792 3662 850 3709 ced.
863 3661 927 3722 [ἔας.
937 3664 1061 3711 itta-2
1079 3662 1145 3725 Reg.
1155 3665 1229 3711 7708.
1244 3664 1340 3712 erudita
1354 3662 1433 3711 ait.-

334 3731 350 3778 t
367 3726 412 3777 Ita
426 3727 502 3779 Juut.
517 3725 607 3775 lamb
617 3725 696 3776 Grut.
706 3739 758 3788 σιν,
767 3740 821 3788 qao
833 3726 941 3775 Wetrei.
957 3733 985 3775 et
1002 3726 1107 3777 flarius.
1134 3741 1185 3783 err,
1202 3729 1275 3779 eum
1291 3742 1344 3790 aaa
1361 3726 1431 3791 euni.

828 3856 934 3909 NOTAE

332 3948 451 4005 tentiam,
462 3946 536 3997 nebia
546 3960 596 3996 nan
608 3945 729 4010 placere?
761 3947 865 3998 Geiiinr
901 3948 988 4012 aieret,
1005 3946 1093 3999 creari
1107 3945 1219 4011 iudicio,
1236 3946 1343 4000 (iratur
1356 3960 1430 4012 rupe

334 4038 384 4077 xv.
395 4028 435 4077 11.
455 4024 562 4075 Sueten·
572 4023 617 4073 tit.
628 4022 662 4072 de
672 4024 742 4074 ctae.
753 4024 832 4075 uun.
900 4032 979 4079 reret.

366 4099 864 4165 ‘GraciaerweatepomdiJQuaieen
931 4109 943 4135 ⁰
960 4102 1011 4155 Cur
1026 4116 1063 4159 eu,
1076 4116 1137 4165 qua,
1148 4099 1203 4164 tm]
1220 4100 1379 4153 Reduudare
1395 4100 1431 4149 vi·

334 4176 369 4227 rit
385 4176 518 4225 uenenum
529 4174 632 4235 Cicero,
643 4175 685 4225 irie
697 4177 791 4225 iacitur
803 4177 863 4227 inri-
901 4176 1024 4235 deterre.
1034 4192 1082 4229 nee
1093 4179 1156 4230 satir
1167 4193 1226 4231 aum
1236 4179 1336 4247 relique
1346 4177 1433 4245 puroet

334 4260 412 4316 nurt;
424 4266 456 4303 er
464 4252 582 4302 nimirum
591 4253 786 4319 tractavitque
796 4255 865 4315 qirir·
889 4246 1055 4319 'eungruere

335 4333 393 4398 quir
409 4330 478 4381 iuter
496 4328 601 4379 Lutiuur
619 4329 770 4392 ingeniarna
785 4330 866 4395 terip-
